3182 4910
202 241 289 311 CXL
308 257 361 316 rae
378 259 430 316 rx.
449 260 495 316 rar.
515 261 595 318 arev.
615 261 644 316 a.
663 261 689 316 r.
706 259 772 318 aar.
790 261 863 316 rara
882 261 919 316 aa
939 261 1047 318 caasa.
1064 261 1143 331 sesto
1170 279 1192 320 ε.
1210 262 1300 332 arpa.
1325 263 1393 338 aq.

200 432 280 512 culis
303 433 338 500 in
358 431 554 500 commodum
576 433 782 512 sacerdotum,
804 433 859 518 qui
880 433 1008 502 Missam
1041 435 1179 507 votivam
1208 435 1246 504 de
1277 425 1448 506 memorato

200 537 315 606 Sancto
339 535 449 608 uenus
470 555 489 602 a
512 536 643 604 rubricis
664 538 824 622 permissis
845 537 1001 604 celebrare
1023 539 1163 622 cupiunt,
1186 541 1349 608 nimirum:

307 641 349 706 Iu
371 641 489 707 Missis
503 642 614 708 codols
630 644 1449 732 posttompusposeutdeasqueudSoptuupesimum:

312 743 488 812 Gruduute.
533 743 652 816 Prata
676 752 733 814 20.
757 747 900 828 Domine,
921 748 1109 834 praevenisti
1137 769 1207 816 eum
1237 750 1271 816 'm
1301 751 1447 817 benedic·

201 849 339 918 tionibus
363 848 552 916 dulcedinis:
574 849 707 934 posuisti
729 851 760 918 in
776 853 878 936 capite
891 851 958 937 ejus
974 871 1116 920 coronam
1129 853 1167 920 de
1181 854 1285 939 lapide
1301 855 1445 941 pretioso.

308 950 348 1020 S.
371 953 477 1020 Vitam
500 954 593 1038 petiit
625 974 643 1020 a
675 956 716 1034 to,
740 955 933 1022 attribuisti
964 957 992 1023 oi
1023 957 1250 1044 longitudinem
1271 959 1392 1026 diorum
1414 961 1447 1026 in

203 1059 362 1126 saeculum
387 1061 511 1128 saeculi.
555 1061 702 1146 alleluja,
724 1061 871 1148 ADeluja.

256 1249 258 1257 ,
309 1159 348 1232 v.
371 1161 474 1230 Eroti.
498 1167 549 1232 45.
573 1163 702 1231 Amavit
724 1185 795 1232 eum
818 1167 979 1248 Dominus,
1003 1165 1034 1232 ct
1057 1163 1181 1232 ornavit
1203 1185 1294 1232 eum:
1326 1167 1446 1234 stolam

204 1265 323 1354 gloriae
345 1265 448 1334 induit
470 1287 551 1336 eum.
596 1269 744 1356 Alleluja.

305 1367 461 1440 Sanctitas
484 1391 574 1458 porro
597 1372 660 1440 Sua
681 1373 834 1440 referente
857 1372 1034 1442 Substitnto
1057 1372 1249 1442 Secretariae
1280 1375 1447 1442 Sacrorum

201 1473 333 1542 Rituum
356 1475 614 1564 Congregationis
636 1478 768 1564 benigne
789 1478 933 1562 precibus
956 1497 1090 1544 arrnnere
1113 1479 1244 1564 dignata
1265 1480 1321 1546 ost.
1364 1479 1446 1547 Con-

201 1579 307 1645 trariis
330 1575 610 1647 nonobstantibus
633 1583 886 1668 quibuscumque.
932 1583 990 1648 Die
1009 1585 1060 1650 20.
1083 1583 1164 1650 Julii
1189 1584 1282 1650 1871.

203 1684 426 1754 Gorastcntr'uas
447 1687 549 1771 Dpisc,
574 1686 689 1753 Ostien.
711 1687 743 1752 et
762 1687 912 1754 Velitern.
936 1686 1026 1754 Card.
1047 1687 1172 1756 Potrici
1190 1685 1219 1754 S.
1240 1689 1277 1754 R.
1291 1687 1326 1754 0.·
1339 1687 1442 1754 Praei.
1575 1699 1576 1722 ¹

585 1789 773 1858 Domiar’oas
795 1791 961 1860 Bortola‘rrc'
983 1791 1014 1859 S.
1037 1793 1073 1858 R.
1098 1791 1132 1861 O.
1156 1791 1355 1860 Secretarius.

328 2136 408 2219 xit.
435 2138 696 2240 dposlolisrlres
723 2137 882 2240 descript
909 2138 973 2222 des
1001 2137 1144 2239 toiliqen
1171 2137 1310 2232 talare,

203 2276 305 2342 duret
325 2276 454 2344 weladeo
475 2279 512 2344 tre
533 2277 630 2361 Folpe
651 2279 709 2344 der
728 2277 916 2362 Erkldrarap
937 2278 991 2343 des
1012 2276 1148 2360 beilipea
1168 2276 1314 2359 Alpheas
1329 2277 1448 2344 Maria

203 2379 242 2446 da
262 2381 393 2462 Liporo'o
426 2381 476 2447 uls
509 2379 625 2447 Ductor
658 2381 822 2449 Ecclesiae
854 2383 906 2449 cae
927 2381 1034 2448 Messe
1066 2381 1133 2448 aad
1161 2381 1223 2446 dus
1244 2380 1380 2446 Brevc'er
1403 2403 1447 2446 ure

204 2484 275 2550 dem
295 2483 387 2550 Festo
417 2483 518 2552 dieses
547 2485 694 2569 Hedipeu
720 2487 855 2572 praepedt
880 2487 947 2554 aad
975 2484 1448 2564 ammorrhaeorum
1575 2489 1576 2532 l

205 2587 297 2656 Festo
328 2590 395 2654 eine
421 2589 542 2656 Karrea
570 2591 628 2656 der
662 2587 891 2674 Ooupreputr'orr
930 2591 985 2656 des
1015 2589 1261 2674 ullerbedlipstea
1294 2588 1447 2656 Ertdsers

331 2691 491 2772 desuadeas,
513 2694 565 2760 eta
587 2693 826 2764 oolllrommeaer
847 2694 969 2763 Arausa
989 2695 1199 2778 asportandam
1219 2693 1312 2762 wtrd.

668 2813 762 2881 PIUS
785 2814 898 2880 PnPn
920 2813 975 2882 IX.

557 2935 605 2990 Ad
619 2942 809 3006 perpetuam
826 2940 874 2993 rat
891 2939 1087 2993 memoriam,

309 3039 369 3122 qm
391 3039 549 3107 Ecclesiae
571 3057 645 3106 suae
666 3057 891 3126 numquamne
913 3039 1092 3106 defuturum
1115 3037 1279 3122 spopondit
1302 3039 1449 3106 Christus

206 3143 366 3224 Dominus,
389 3164 484 3229 quum
500 3145 633 3211 maxime
655 3145 774 3211 inrum
792 3165 865 3212 suae
888 3145 1107 3212 immaculatae
1130 3141 1265 3226 Sponsae
1288 3163 1354 3210 esse
1375 3165 1449 3229 per·

206 3250 350 3334 sperarit,
372 3251 509 3336 insignes
532 3250 647 3319 oscitat
669 3251 787 3334 pietate
808 3252 842 3318 et
864 3249 1005 3317 doctrina
1019 3249 1121 3328 Viros,
1144 3247 1198 3332 qui
1209 3249 1320 3332 raptati
1330 3250 1448 3330 spirita

204 3355 438 3448 trdelta'poattuc,
460 3361 619 3438 tamquam
639 3356 756 3422 brnbres
766 3358 890 3422 mittunt
910 3353 1314 3437 eloquiusupierrttaesaoe.
1339 3354 1447 3437 Neque

207 3459 289 3538 enim
311 3459 376 3526 sine
404 3460 675 3544 providentissimo
696 3459 924 3544 Omnipotentis
947 3459 1007 3525 Dei
1029 3457 1158 3524 consilio
1181 3456 1298 3523 factum
1321 3456 1378 3537 est,
1401 3459 1448 3537 ut,

205 3581 301 3646 quum
329 3564 581 3630 Janssnistarum
610 3563 750 3630 doctrina
779 3564 971 3630 Novatorum
1001 3563 1105 3628 oeulos
1134 3561 1168 3626 in
1190 3580 1222 3626 se
1245 3563 1448 3640 converteret,

207 3665 376 3750 errorisque
399 3668 499 3750 specie
522 3669 637 3734 multos
660 3667 810 3745 alliceret,
832 3667 1001 3751 ageretque
1025 3669 1224 3746 manaremus,
1247 3667 1322 3731 tuuc
1352 3665 1450 3749 potis-

207 3768 320 3834 simum
348 3771 468 3860 extaret
488 3773 669 3859 Alpbcnsus
691 3772 807 3837 Mario
829 3771 868 3836 dc
884 3770 1024 3856 Liparae,
1049 3769 1306 3854 congregacionis
1328 3789 1346 3836 a
1369 3768 1448 3834 San-

207 3873 344 3940 ctissimo
366 3856 572 3958 Redemptore
594 3875 758 3942 Institutor
781 3875 812 3940 et
828 3873 961 3941 Sanctae
980 3872 1126 3958 Agathae
1138 3871 1311 3938 Gothorum
1323 3872 1450 3956 Episco-

206 3993 275 4060 pus,
296 3976 349 4060 qni
365 3976 610 4044 bouumeertuas
632 3985 794 4062 satamon,
818 3999 854 4044 es
876 3980 1015 4062 operiret
1036 3997 1128 4044 suam
1150 3978 1185 4043 ta
1207 3977 1308 4042 madio
1339 3975 1450 4040 Eccle-

206 4081 284 4162 siae,
319 4081 504 4165 scriptisque
538 4081 638 4147 doctis
670 4084 703 4148 ot
733 4081 896 4150 laboriosis
929 4084 1024 4150 istam
1058 4083 1096 4148 ab
1136 4082 1245 4148 inieris
1283 4079 1451 4146 excitatam
1575 4103 1576 4108 ¹

207 4187 326 4271 pestem
348 4187 498 4257 radicitus
519 4185 721 4266 evellendam,
756 4188 788 4253 et
822 4189 860 4253 ab
894 4206 969 4272 agro
1003 4185 1163 4252 Dominico
1185 4183 1450 4252 exterminandam
1575 4185 1576 4234 l

207 4294 339 4360 curaret.
383 4292 492 4376 Neque
515 4309 585 4358 asro
607 4289 664 4356 has
692 4289 793 4356 solum
821 4290 881 4356 sibi
912 4292 1015 4376 partes
1047 4291 1225 4375 depoposcit
1254 4287 1450 4372 Alphonsns3

207 4397 317 4464 sedin
339 4397 399 4466 Del
420 4397 562 4482 gloriam,
586 4395 838 4479 spiritualemque
861 4396 1021 4464 bominum
1036 4395 1270 4462 salutemunioe
1286 4392 1451 4460 intendens

208 4501 356 4582 animum,
389 4502 537 4585 plurimos
571 4499 678 4568 Libros
713 4501 910 4585 conscripsit,
942 4520 1029 4566 sacra
1065 4499 1237 4568 eruditione
1270 4500 1302 4564 et
1331 4495 1451 4581 pietate

209 4606 350 4686 refertor,
373 4606 447 4688 sivo,
470 4597 551 4674 iut‘er
573 4605 723 4689 implexas
746 4605 973 4689 Theologorum
1002 4606 1070 4670 tum
1105 4603 1234 4670 leuiores
1266 4604 1337 4668 tum
1370 4599 1451 4686 rigi·
