3182 4910
197 269 310 338 OXIII
353 289 405 345 ace
422 289 475 346 rx.
493 289 539 346 ιιι.
558 289 640 346 oceo.
658 289 687 345 a
706 290 731 344 ι.
749 291 814 348 roc.
834 291 906 346 narr
924 293 962 348 cc
981 292 1088 348 accur.
1105 291 1185 362 rece
1211 305 1234 347 ι.
1254 289 1342 360 arpo.
1368 291 1438 363 erp.
1569 348 1573 373 Ι

196 460 371 546 RsspousIs,
404 481 460 531 uec
494 481 556 529 nou
591 463 821 550 Theologorum
853 485 909 550 pro
936 465 1069 534 veriats
1092 463 1273 532 sententiis:
1297 463 1440 530 omnibus
1575 461 1576 492 ³

196 565 326 651 denique
348 566 503 634 rationum
517 567 800 636 momentissedulo
823 570 1004 653 attenteque
1025 570 1194 654 perpensis,
1216 568 1355 635 unanimi
1366 585 1441 634 con-

195 689 288 736 sensu
316 671 545 736 remanendum
576 672 747 737 censuerit:
780 671 1011 739 comessum
1043 671 1248 740 Scbcbssimo
1273 693 1335 754 pro
1364 691 1440 737 corr-

196 775 333 842 eersioae
355 794 410 842 coo
431 775 643 842 declaratione
664 781 693 842 et
715 777 889 842 extensione
916 775 961 842 orl
988 779 1169 843 uciwrsum
1196 775 1372 842 Boream
1399 776 1441 840 li-
1575 841 1576 844 ,

195 879 430 948 tablissare
456 880 491 945 ic
517 879 664 946 bomem
692 879 802 948 Sacra
830 881 990 963 Alplrcrcsi
1015 881 1200 948 Mariccda
1214 881 1353 964 LtporIo,
1369 899 1442 944 cam

199 983 362 1068 officim
387 984 497 1052 Mr'ssc
516 987 589 1067 jam
615 984 787 1068 coercuis-
809 986 919 1052 addito
943 983 1052 1064 credo,
1076 984 1261 1066 Aalipbooo
1276 983 1319 1050 ac
1342 984 1442 1067 Mop-

196 1089 305 1172 cifirot
330 1089 519 1172 scortoque
546 1087 707 1170 Vesceria:
734 1089 760 1155 0
782 1089 907 1180 Doctus,
928 1110 967 1156 ac
991 1087 1192 1156 mamaea
1212 1087 1242 1154 1.
1267 1087 1442 1154 Ncclcrri:

195 1191 387 1276 Sapientiam
424 1193 456 1258 et
495 1191 591 1258 VIII.
629 1193 859 1277 Resporcaoro'o:
890 1193 926 1258 In
958 1192 1059 1260 melio
1098 1191 1271 1259 Ecclesiae:
1306 1227 1346 1242 -
1375 1191 1441 1258 Nos

195 1295 393 1379 Rescriptum
415 1295 512 1376 istud,
533 1295 616 1362 edito
639 1297 688 1364 die
710 1298 827 1365 XXIII.
852 1297 991 1384 ejusdem
1014 1294 1129 1363 mensis
1143 1295 1270 1375 stanni,
1294 1293 1442 1361 Generali

196 1400 289 1468 Urbis
318 1401 350 1466 et
377 1399 468 1468 Orbis
498 1401 637 1482 Decreta,
668 1402 916 1486 approbandum,
948 1400 1251 1486 confirmandumque
1281 1399 1442 1466 existima-

199 1523 310 1572 umus.

301 1605 345 1674 At
368 1608 450 1674 enim
481 1609 614 1676 dilectus
645 1612 744 1677 Filius
773 1609 922 1677 Nicolaus
950 1609 1091 1687 blauron,
1113 1606 1258 1692 Superior
1280 1605 1442 1673 Generalis

197 1713 231 1780 et
253 1713 366 1781 Ecstor
398 1712 502 1797 Major
536 1715 791 1802 Congregalionis
811 1712 1021 1780 Sanctissimi
1054 1711 1279 1796 Redemptum,
1313 1709 1354 1776 ad
1372 1711 1442 1796 jam

199 1817 406 1883 memoratam
429 1816 641 1884 Cardinalium
667 1819 945 1904 Congrcgalionem
976 1816 1101 1883 tuendis
1130 1815 1295 1882 Ecclesiae·
1316 1814 1442 1880 Ritibus

199 1919 407 2005 praepositam
441 1920 570 2005 supplex
602 1922 693 2001 adiit,
726 1925 763 1988 ut
795 1923 827 1987 iu
860 1921 951 1988 Festo
978 1921 1117 2006 ejusdem
1150 1919 1181 1988 S.
1203 1919 1364 2004 alphonsi,
1387 1937 1443 2002 par

199 2023 430 2092 Decretumde
458 2044 518 2108 quo
548 2025 657 2092 babitu
687 2027 760 2092 ante
784 2028 902 2092 mentio
928 2028 986 2107 est,
1008 2027 1091 2093 inter
1112 2025 1269 2092 Ecclesiae
1292 2025 1441 2090 Doctores

199 2127 323 2207 adsciti,
346 2127 379 2192 ln
400 2127 623 2213 Martyrologio
643 2129 792 2209 Romano,
814 2134 885 2214 post
908 2133 1018 2198 verba:
1052 2131 1239 2198 Sanctorum
1264 2131 1362 2213 facts
1381 2129 1440 2196 ud·

200 2233 340 2314 scripsit
363 2233 526 2317 sequentia
555 2234 758 2301 adderenturr
788 2242 817 2302 el
841 2237 921 2303 Ibus
947 2236 1013 2303 IX.
1038 2235 1186 2318 Pontifex
1204 2236 1382 2314 Mocimas,
1402 2255 1442 2302 ec

199 2336 372 2404 Sacrorum
405 2337 537 2406 Riiaom
571 2337 828 2423 cccccccccc
870 2340 1024 2418 concello,
1056 2339 1248 2406 rabasolie
1281 2338 1442 2404 Erotem

200 2439 369 2508 Doetororc
396 2442 586 2525 άιιῑαιαιιὶις
605 2444 680 2510 item
704 2444 736 2509 iu
760 2443 812 2510 Vl.
836 2443 989 2524 Lectione,
1013 2443 1083 2526 post
1105 2443 1251 2510 uerbum:
1274 2441 1435 2508 cenas

200 2545 279 2612 baec
300 2545 379 2612 clia:
414 2546 538 2612 maden
561 2545 643 2612 Piae
668 2546 734 2612 IX.
757 2545 904 2629 Pontifex
921 2548 1098 2628 Mooimrrs,
1121 2569 1160 2613 αι
1184 2546 1356 2614 Sacrorum
1379 2545 1442 2612 Iti-

203 2655 292 2717 borrae
306 2649 562 2733 &macellaris
583 2651 731 2730 comte,
752 2653 942 2720 moiocrsolis
956 2651 1120 2720 Ecclesmc
1148 2649 1315 2718 Ductorem
1337 2645 1443 2717 decla

201 2753 303 2832 rooth
332 2757 428 2839 utque
457 2753 665 2820 concessiones
695 2773 800 2823 omncs
830 2758 888 2821 hac
921 2775 1013 2839 super
1045 2775 1078 2821 re
1109 2757 1221 2835 luctae,
1255 2753 1443 2840 Apostolicis

202 2859 326 2924 Nostris
358 2858 471 2926 literis
493 2857 756 2924 confirmarentur.
800 2859 886 2940 Quae
908 2861 1033 2944 quidem
1064 2857 1275 2925 Oardiuslmm
1305 2859 1441 2943 Congre-

203 2960 289 3048 gatio
315 2979 388 3026 cum
416 2961 450 3028 in
480 2963 634 3028 conventu
666 2962 716 3028 dio
743 2962 843 3028 XXII.
878 2963 993 3029 mensIs
1026 2963 1143 3047 Aprilis
1177 2963 1271 3048 hujus
1301 2961 1373 3029 suni
1403 2961 1442 3028 (lc

204 3081 290 3136 more
312 3065 429 3145 habito,
452 3066 660 3151 rescripseril:
683 3065 749 3132 Pro
769 3067 896 3151 prolio3
918 3068 985 3134 Nos
1006 3067 1056 3132 dio
1078 3067 1209 3134 XXVII.
1232 3067 1347 3134 mensis
1360 3066 1444 3151 ejus·

204 3169 284 3250 dem,
307 3169 504 3254 Rescriptum
527 3169 606 3236 illud
627 3172 731 3236 ratum
759 3171 944 3249 habuimus,
975 3171 1069 3255 atquo
1100 3172 1292 3256 apostolicas
1322 3172 1443 3236 Litsras

203 3276 236 3342 iu
258 3275 358 3344 torma
380 3274 488 3341 Breuis
510 3274 645 3358 expediri
668 3275 890 3342 mandarimus
936 3274 1021 3356 Quas
1044 3293 1115 3341 cum
1144 3275 1190 3340 ita
1219 3275 1293 3354 sint
1324 3291 1442 3340 memo-

203 3379 265 3446 rati
297 3377 405 3446 dilecti
437 3376 509 3444 Filii
542 3379 665 3446 Nicolai
696 3379 827 3447 Macron
859 3379 1023 3463 obsequuti
1053 3380 1144 3458 volte,
1181 3379 1280 3464 dequo
1314 3377 1441 3444 consilio

204 3481 269 3552 Vl.
292 3483 350 3550 EF.
380 3482 451 3550 NN.
480 3482 611 3550 Sanctae
638 3484 794 3549 Romanum
823 3483 980 3550 Ecclesiae
1017 3483 1229 3549 cardinalium
1266 3483 1444 3568 Congrcga·

203 3585 298 3655 tionis
327 3585 477 3670 legitimis
500 3587 624 3654 Ettibus
647 3587 875 3672 cognoscendis,
898 3588 1094 3656 AuctorItate
1116 3587 1231 3654 Nostra
1251 3587 1443 3671 Apostolica,

204 3691 309 3758 tenore
339 3691 558 3773 praesentium,
592 3691 720 3757 titulum
753 3689 902 3759 Doctoris
934 3692 967 3757 iu
994 3691 1140 3758 honorem
1163 3690 1270 3756 Sancti
1294 3691 1444 3774 Alpbousi

204 3793 322 3860 Marisa
345 3793 384 3858 de
412 3793 546 3879 Ligorio‚
577 3792 834 3881 conmegacionis
857 3816 876 3862 a
897 3795 1097 3863 Sanctissimc
1120 3794 1324 3878 Redemptorc
1344 3795 1443 3859 Insti-

205 3899 317 3966 tutoris
340 3901 373 3966 ct
383 3897 515 3966 Sanctae
529 3900 653 3986 rigatae
674 3899 848 3966 Gothorum
871 3901 1024 3985 Episcopi,
1041 3899 1267 3978 confirmamus,
1281 3917 1345 3978 seu,
1367 3916 1445 3982 qus·

204 4005 296 4072 teum
325 4022 400 4089 opus
423 4005 485 4084 sit,
509 4004 607 4072 denuo
629 4005 667 4070 Ei
689 4005 864 4084 tribuimus,
884 4006 1096 4090 impertimus3
1119 4004 1164 4068 ita
1185 4002 1310 4087 quidem
1343 4002 1379 4066 ut
1412 3999 1445 4064 iu

203 4109 377 4176 Universali
408 4108 568 4176 Catholicc
594 4111 735 4176 Ecclesia
762 4129 883 4194 semper
912 4111 943 4175 Is
969 4111 1085 4175 Ductor
1107 4107 1269 4186 habeatur,
1293 4107 1385 4190 atque
1410 4106 1442 4170 in

67 4263 70 4271 -
205 4215 254 4283 lie
271 4217 355 4283 lesbo
377 4215 585 4283 anniuersario
611 4217 679 4280 lum
701 4235 719 4280 c
740 4215 899 4301 Bogulari,
929 4216 997 4280 tum
1029 4232 1047 4278 a
1070 4211 1228 4278 Saeculari
1251 4209 1340 4278 Olero
1362 4208 1444 4275 cels-

204 4321 331 4402 beando,
355 4319 499 4387 Officium
522 4319 554 4386 et
576 4319 672 4384 Mlesa
694 4318 752 4384 fiat
778 4320 867 4405 juxta
891 4318 1003 4386 Sacrae
1024 4319 1156 4384 Ribuum
1188 4314 1445 4401 Congrcgatiouis

206 4426 371 4494 Decretum
394 4425 658 4510 Rumriptumque,
681 4424 762 4510 quod
785 4425 1030 4492 memoravimus.
1078 4421 1245 4488 Praeterea
1256 4421 1349 4506 hujus
1364 4420 1446 4486 Doc-

205 4531 283 4596 toris
304 4529 421 4608 Libros,
445 4529 684 4609 Commentaria,
708 4529 873 4613 Opuscula,
897 4529 997 4613 Opera
1019 4527 1150 4611 denique
1172 4527 1285 4608 omnia,
1310 4526 1345 4591 ut
1368 4524 1447 4591 alio·

207 4653 277 4702 rum
299 4633 455 4702 Ecclesiae
477 4635 656 4714 Doctorum,
679 4653 740 4701 non
762 4633 852 4700 modo
874 4633 1031 4717 priuatim,
1054 4633 1107 4697 ssd
1130 4629 1295 4716 publicein
1308 4629 1447 4716 Gymna-
