3124 4910
43 171 51 185 '
167 183 228 250 120
289 201 407 270 nepem
424 199 522 256 aravo
539 215 611 256 vom
628 200 674 254 rc.
688 199 764 256 uec.
782 198 876 255 reso:
897 197 1166 255 maererent
1183 197 1298 268 neaera

163 377 227 444 tiae
249 373 407 442 Ordinarii
439 373 564 440 illarum
598 371 804 452 Dioeeesium,
837 372 870 438 iu
905 371 1017 456 quibus
1049 371 1170 438 sodales
1193 370 1411 437 invenimur.

166 479 386 548 dssmiationis
419 497 528 544 causas
560 477 678 563 diriget
712 479 840 544 Praeses
873 475 1045 556 Generalis,
1066 476 1118 542 cui
1140 477 1292 542 assistunt
1313 496 1411 561 prae-

163 585 245 652 sides
267 584 474 670 singularium
497 583 701 649 Dioecesium.
748 582 876 648 Praenes
900 581 1062 648 Generalis
1081 580 1172 666 juxta
1194 581 1345 666 specialia
1366 580 1412 646 de

163 689 231 775 ejus
255 688 404 755 electione
427 687 559 765 statute,
583 687 617 752 et
637 685 763 770 praevio
784 703 911 752 assensu
933 683 1180 750 Eminentissimi
1214 685 1413 751 Protecturis

164 793 380 861 coustituetur.
427 789 593 860 Praeterea
615 787 743 856 Sodales
766 788 888 874 eligunt
911 790 978 854 octo
1003 788 1083 856 viros
1102 789 1168 873 Jam
1192 789 1341 872 probatae
1373 789 1412 854 iu

164 899 232 967 erte
254 897 373 962 musica
405 894 545 977 peritiae,
579 893 633 977 qui
666 893 828 978 exquirant
858 911 950 978 opera
972 893 1136 960 musicalia
1155 894 1251 980 digna
1272 913 1354 978 quae
1373 894 1412 959 iu

163 1001 310 1068 Ecclesiis
332 1000 391 1065 Dei
412 998 639 1082 producentur,
661 999 715 1082 qui
738 1017 884 1064 numerus
906 1015 1003 1082 usque
1026 997 1066 1067 ed
1087 997 1200 1083 uiginti
1221 998 1331 1083 augeri
1352 1017 1413 1082 pu-

163 1109 254 1172 tcst-
281 1105 321 1170 ΙΙ.
344 1103 388 1170 Ut
410 1101 480 1166 finis
501 1101 724 1181 associatiouis,
753 1121 862 1185 nempe
898 1102 1050 1168 musicam
1082 1121 1203 1168 sacram
1236 1103 1331 1187 atque
1366 1103 1412 1168 li-

163 1210 320 1296 turgicum
348 1206 516 1274 seeundum
545 1206 690 1291 spiritum
719 1205 876 1272 Ecclesiae
914 1207 1201 1292 ecclesiasticasque
1230 1209 1411 1275 sanctiones
1458 1195 1466 1210 ’

164 1313 359 1382 exactissime
393 1310 599 1378 observandas
634 1330 821 1395 promovere,
858 1309 1045 1391 obtineatur,
1080 1311 1277 1380 associatioui
1311 1331 1408 1378 curae

165 1419 242 1486 erit:
278 1417 320 1488 Ut
345 1417 378 1482 1⁰
401 1415 518 1484 Cautus
541 1415 751 1502 Gregoriauus
772 1416 837 1482 sire
859 1416 969 1500 plenus
993 1416 1107 1502 ubique
1128 1417 1298 1498 excolatur,
1333 1435 1408 1482 ean·

163 1524 276 1608 tueque
297 1521 462 1606 figuratus,
485 1520 687 1606 polyphemus,
710 1522 865 1604 quomens
886 1521 1009 1605 legibus
1037 1521 1258 1590 adsumens
1285 1521 1409 1588 contor-

165 1626 224 1692 mis
246 1628 303 1704 est,
327 1626 391 1694 sive
424 1626 658 1710 compositiones
690 1625 846 1709 pertinent
879 1625 918 1691 ad
954 1627 1089 1694 aetutem
1111 1627 1318 1693 vetustiorum
1340 1625 1409 1692 sivo

81 1737 84 1744 '
165 1731 378 1811 recentiorem,
401 1731 608 1814 propagetn13
633 1727 669 1794 2⁰
700 1727 880 1796 Cantileuae
901 1747 1009 1796 sacrae
1032 1749 1051 1796 a
1072 1729 1185 1814 populo
1212 1729 1245 1796 iu
1273 1730 1406 1814 quibus-

166 1835 238 1902 dem
261 1833 475 1901 devotionibus
498 1833 658 1900 decantari
681 1834 790 1900 solitae
813 1835 941 1899 eatenus
963 1833 1146 1913 tolerantur,
1169 1833 1324 1917 quatenus
1354 1851 1408 1900 aas

164 1939 251 2024 loges
273 1939 437 2005 canonicas
459 1935 654 2022 permittunt.
699 1938 735 2001 3⁰
762 1937 861 2022 neges
883 1936 1114 2004 ecclemaslicae
1130 1936 1231 2021 quoad
1254 1937 1408 2005 adhiben-

164 2042 239 2109 dum
260 2061 409 2127 organum
433 2043 597 2124 ceteraque
620 2041 782 2108 toleranda
804 2041 1013 2108 instrumenta
1034 2041 1153 2107 musica
1176 2043 1320 2107 accurate
1351 2042 1407 2108 eb-

165 2147 387 2224 serrabuntur3
409 2147 447 2209 4⁰
475 2145 635 2228 Quatenus
658 2147 690 2211 in
712 2146 897 2230 quibusdam
920 2145 1075 2226 Ecclesiis,
1098 2146 1281 2230 praesertim
1305 2147 1408 2212 miuo-

164 2251 251 2316 ribus
270 2267 307 2316 ac
328 2249 493 2329 mrelibus,
516 2269 576 2316 nou
599 2251 708 2318 stetim
731 2267 808 2334 quae
830 2249 914 2315 dieta
937 2252 1010 2316 mut
1031 2249 1064 2315 in
1086 2267 1177 2316 nsum
1200 2247 1311 2316 deduci
1332 2269 1405 2334 pos-

165 2355 248 2434 sunt,
270 2353 413 2419 omuibus
445 2353 558 2418 saltem
592 2353 709 2420 risibus
742 2351 921 2419 enitendum
956 2355 1015 2432 est,
1048 2355 1087 2418 ut
1115 2353 1234 2420 musica
1257 2353 1407 2440 liturgica

165 2457 316 2541 paulatim
351 2458 383 2522 in
417 2455 573 2524 meliorem
608 2459 726 2522 statum
759 2457 933 2524 reducatur.
990 2459 1047 2526 111.
1083 2459 1212 2524 Praenes
1243 2457 1406 2525 Generalis

167 2561 420 2630 Eminentiseimo
444 2559 601 2628 Oardiuuli
632 2563 806 2629 Protectori
835 2563 968 2648 singulis
998 2563 1086 2629 annis
1114 2562 1264 2630 rationem
1294 2561 1406 2628 reddet

165 2665 204 2733 de
226 2666 304 2732 actis
325 2669 356 2733 et
379 2667 567 2750 profectibus
591 2666 812 2746 associationis,
835 2669 868 2734 et
889 2667 986 2732 simili
1009 2665 1098 2734 uredo
1121 2666 1278 2754 praesides
1309 2666 1405 2733 Dioc-

167 2771 282 2838 eesium
306 2770 574 2838 Reverendissimo
588 2770 780 2838 Ordinatio«
1230 2819 1231 2822 ,

268 2875 342 2942 darn
364 2895 436 2941 vero
465 2893 536 2942 cum
562 2876 725 2942 memorati
755 2875 924 2941 antistites
953 2874 987 2939 in
1015 2863 1096 2940 hane
1118 2873 1233 2940 Urbem
1256 2875 1406 2942 Nostram

165 2977 332 3045 nouissime
353 2979 567 3046 mmenissent
591 2979 630 3046 ed
653 2979 891 3046 oecumenicam
913 2977 1071 3064 synodum
1083 2979 1280 3059 Vaticanum,
1292 2996 1405 3065 magno

167 3081 305 3148 aNobis
327 3101 418 3167 opere
440 3083 625 3168 flagitemut
648 3085 684 3150 ut
706 3085 933 3168 suprascriptas
948 3083 1056 3168 leges,
1079 3083 1278 3150 auctoritato
1289 3083 1405 3150 Nostra

166 3187 356 3270 apostolica,
379 3178 604 3256 confirmemus.
651 3187 707 3254 (lui
729 3189 873 3272 petitioni
894 3186 960 3254 Nos
980 3187 1194 3254 lubentissime
1224 3190 1404 3270 annuentes,

170 3291 291 3356 mature
321 3311 387 3357 rem
424 3291 717 3359 communicavimus
750 3311 819 3358 cum
850 3291 916 3357 VV.
945 3289 986 3355 ll.
1018 3291 1089 3358 NN.
1119 3291 1150 3358 S.
1173 3291 1209 3357 R.
1233 3291 1268 3356 Il.
1293 3291 1404 3358 Cardi-

166 3394 289 3460 ualibus
306 3396 617 3481 ·Oorrgmgationibns
646 3397 811 3481 legittimis
841 3394 999 3462 Ecclesiae
1026 3395 1153 3462 [litibus
1187 3396 1405 3482 cognoscendis

167 3501 370 3583 praepositae,
405 3499 504 3584 deque
537 3499 714 3566 eorumdem
747 3499 812 3565 VV.
846 3499 991 3564 Fratrum
1024 3501 1189 3580 sententia,
1216 3502 1405 3567 memoratus

166 3603 265 3688 Leges
285 3603 505 3670 examinandas
529 3604 800 3687 ponderandaeque
822 3603 964 3670 dedimus
986 3603 1169 3671 clarissimis
1192 3603 1267 3670 viris
1290 3605 1406 3672 ellon-

167 3707 246 3788 silio,
269 3708 351 3792 quod
374 3710 500 3790 vocant,
531 3711 641 3774 cantus
671 3707 853 3792 Gregoriani
883 3707 915 3772 in
948 3708 1006 3774 hac
1031 3707 1123 3774 Alma
1146 3707 1228 3774 Urbe
1250 3707 1405 3776 instituto.

167 3811 253 3894 Quae
276 3831 346 3878 cum
368 3813 414 3878 ita
446 3814 519 3894 sint,
553 3814 679 3896 accepte
712 3812 921 3896 praelatnmm
953 3812 1088 3878 siromm
1112 3813 1191 3895 vote,
1214 3811 1315 3897 deque
1336 3833 1406 3879 ssu·

168 3917 270 3984 tentia
291 3917 539 4001 supradictorum
564 3917 794 3983 venerabilium
816 3917 970 3998 llatrum,
993 3917 1101 4002 leges,
1124 3935 1180 3984 seu
1200 3915 1338 3994 Stutute,
1367 3915 1406 3982 de

166 4023 278 4107 quibus
302 4021 411 4088 habita
434 4023 507 4087 ante
528 4021 643 4087 mentio
665 4023 722 4101 ast,
745 4019 872 4088 Nostris
894 4021 979 4086 hisce
1001 4021 1130 4086 Litteris
1151 4021 1280 4101 inserte,
1312 4023 1344 4088 et
1366 4019 1405 4086 ad

167 4126 295 4193 verbum
317 4143 470 4211 expressa,
494 4126 688 4192 Auctoritate
709 4125 827 4192 Nostra
848 4125 1035 4208 apostoliea,
1057 4127 1164 4192 tenore
1194 4125 1403 4210 praesentium

167 4231 384 4314 approbamus,
407 4231 581 4306 sancimus
603 4227 728 4312 illisque
750 4229 934 4312 perpetuum
956 4229 1186 4314 approbationis
1215 4231 1248 4296 et
1266 4229 1404 4296 sanctio-

167 4334 216 4398 nis
238 4335 370 4401 Nostrae
393 4337 485 4401 robur
507 4334 688 4418 adjicimus3
711 4333 911 4400 decernentes
932 4334 1057 4418 insuper
1078 4337 1256 4418 praesentes
1271 4335 1402 4402 Nostrae

168 4437 304 4502 Litteras
326 4439 440 4519 firmas,
464 4438 584 4506 validas
606 4439 640 4504 et
661 4435 801 4503 efficaces
823 4437 953 4504 existere
975 4439 1007 4504 et
1035 4439 1109 4519 lore,
1139 4457 1270 4524 suosque
1299 4437 1406 4523 plena·

168 4539 231 4605 ries
265 4541 298 4606 et
331 4541 468 4627 integros
501 4542 630 4608 allectus
661 4541 764 4608 sortiri
800 4542 831 4607 et
865 4541 1014 4624 abnuere,
1047 4543 1260 4629 omnibusque,
1294 4542 1405 4628 quibus
