3144 4916
133 337 138 344 .
170 297 222 354 re
240 287 305 353 Pr:
319 293 442 366 necyn
460 295 488 351 a.
508 296 534 349 4.
552 293 645 351 nense
663 290 735 349 reor
754 293 791 348 ee
802 292 947 366 penem
963 305 1040 362 pop.
1058 285 1153 345 xxv.
1172 283 1254 343 aee:
1270 262 1404 334 mm

164 467 313 555 operariis
335 466 450 532 noeis
481 465 616 550 prolerre
646 463 815 550 pomanus,
848 463 881 528 in
915 461 1055 547 pluribus
1075 461 1152 527 lonis
1174 453 1403 528 eoelesteetioeo

163 573 364 642 Hierarobiae
386 571 534 638 Ordinem
559 570 756 648 constituere,
780 571 941 634 sterteres
964 567 1118 634 humanae
1129 564 1403 648 ntienioonieqne

164 677 302 745 menibus
335 677 368 743 et
399 675 444 742 rei
473 677 542 740 tune
565 673 755 740 obiistianee
775 675 844 738 turn
867 672 952 739 civili
973 671 1119 738 advorsos
1139 672 1198 735 beu
1219 667 1401 752 praesertim

165 783 268 850 aetate
290 779 516 846 invaleeoeutes
536 777 665 844 solemni
696 775 951 844 condemnatione
980 773 1143 860 eontigere.
1188 773 1255 839 Deo
1283 771 1402 856 pariter

165 885 345 965 auxiliente,
368 884 458 949 firmo
480 899 517 948 ao
538 877 646 960 solido,
677 875 827 965 quautam
858 881 1046 966 poteramus,
1076 874 1255 943 coneordiee
1281 875 1404 941 mnoulo

165 989 405 1076 eeclesiasticam
427 989 460 1054 et
482 985 606 1052 uirilem
627 984 814 1070 potestatem
836 984 902 1051 sire
924 985 956 1050 in
969 983 1109 1068 Europae
1120 979 1185 1049 sire
1195 981 1228 1048 iu·
1242 981 1402 1048 Amerieae

161 1094 304 1179 μιιιιιι
324 1093 407 1158 aner
428 1109 462 1157 n
483 1091 658 1158 nouenae
680 1090 882 1176 praeempto
903 1069 1074 1156 onolton
1103 1087 1277 1165 serenae,
1308 1101 1402 1172 ptem

164 1199 205 1264 ab
224 1197 317 1263 initio
338 1195 508 1281 Apostolioi
531 1195 639 1262 Nostri
669 1193 835 1261 ministerii
867 1193 997 1278 paterno
1029 1209 1150 1276 semper
1184 1209 1254 1256 oum
1288 1189 1401 1255 affeetu

165 1301 363 1386 respeximus,
387 1298 625 1366 necessitatibus
647 1298 805 1366 uouemere
826 1297 1019 1374 curarimuse
1047 1313 1085 1362 ao
1115 1312 1175 1362 nen
1203 1285 1250 1360 ιιι
1283 1295 1401 1376 pridem

164 1403 527 1472 Oeourneniuilletloani
549 1401 680 1470 (toenitii
702 1421 777 1488 opus
800 1401 929 1488 aggredi
953 1401 985 1467 et
1011 1412 1188 1485 promouere
1218 1397 1316 1466 Nobis
1346 1399 1414 1474 ιιι-ι

164 1511 235 1576 tum
256 1511 315 1588 eat,
347 1509 436 1594 eujus
468 1513 574 1576 tumen
607 1507 681 1573 dum
715 1506 841 1574 maximi
867 1507 986 1572 lruotus
1008 1503 1124 1590 partim
1146 1505 1281 1588 suseepti
1303 1503 1402 1581 erent,

163 1613 279 1699 partim
301 1613 543 1697 expectabantur
564 1610 603 1678 ab
626 1613 775 1693 lindesie,
797 1612 837 1678 ob
859 1610 1037 1678 notissimas
1059 1629 1162 1676 renum
1175 1609 1403 1692 riees'auspen-

164 1715 283 1784 sionem
305 1717 467 1784 decernere
489 1715 660 1783 debuimus.

211 1855 218 1864 ·
270 1821 336 1888 Neo
358 1839 438 1902 vero,
462 1816 664 1888 venerabiles
686 1819 821 1899 Fratres,
843 1836 924 1904 qnae
948 1819 1048 1885 civilia
1071 1818 1179 1888 Nostri
1206 1818 1329 1903 imperii
1352 1817 1404 1902 jus

165 1927 197 1992 et
219 1925 356 1993 oliiuium
378 1925 555 2010 pendebant,
578 1935 615 1991 ea
635 1943 781 2010 uuquam,
805 1923 871 1991 Deo
894 1925 1038 2007 doeeute,
1065 1925 1171 2008 exoqdi
1192 1922 1404 2008 praetermisi·

164 2047 243 2096 mus.
289 2029 521 2098 Gratulationes
553 2031 588 2096 et
618 2029 756 2114 plausus,
791 2031 828 2094 ιιι
859 2027 1054 2109 meministis,
1091 2029 1144 2111 qui
1177 2028 1269 2093 initia
1295 2027 1403 2093 Nostri

167 2131 370 2200 Pontidoatus
392 2135 586 2219 sumperunt,
608 2134 694 2200 brevi
717 2134 750 2200 in
771 2133 900 2217 injurias
923 2135 956 2198 ot
977 2134 1220 2218 oppugnationes
1242 2133 1402 2198 adeoeon-

166 2239 248 2304 versi
270 2239 411 2319 fuerunt,
440 2239 476 2304 ιιι
506 2239 571 2304 Nos
600 2257 617 2303 e
640 2235 844 2303 dilectissima
867 2237 925 2302 bae
946 2237 1030 2304 Urbe
1052 2237 1168 2303 Nostra
1189 2237 1313 2302 erulsre
1335 2248 1404 2302 eoe-

165 2343 280 2428 gerint.
326 2343 370 2408 Δι
392 2361 463 2409 vero
485 2342 538 2408 ubi
561 2341 776 2408 communibus
798 2339 1019 2408 sethoiiuorum
1040 2342 1220 2426 populorum
1248 2343 1281 2407 et
1309 2339 1403 2406 Prin·

165 2447 268 2530 eipum
289 2445 402 2512 dubiis
423 2449 456 2513 et
477 2446 595 2512 viribus
617 2445 839 2524 adnitentibus,
864 2445 1044 2512 Pontifieiee
1066 2442 1138 2512 huie
1160 2445 1231 2512 dedi
1262 2443 1402 2512 restituti

163 2550 287 2628 ruimus,
300 2550 444 2617 eontiuno
455 2569 560 2617 omnes
572 2551 702 2616 Nostrae
715 2551 796 2615 vires
808 2551 841 2615 et
852 2549 957 2615 studia
969 2549 1157 2616 ooutulimns
1169 2549 1208 2616 erl
1220 2566 1402 2634 promoven·

165 2651 515 2720 demetooueiliendem
526 2652 671 2720 bdelibu
680 2645 1086 2720 Nostnaeuoditieaobueni
1095 2653 1182 2719 illam
1195 2655 1228 2719 et
1238 2671 1298 2719 non
1310 2653 1402 2718 talla·

162 2777 229 2824 uem
241 2758 485 2842 prosperitatem,
498 2777 591 2842 qnam
603 2759 651 2824 uti
663 2757 882 2842 grauissimum
893 2757 995 2824 eirilis
1004 2758 1111 2824 Nostri
1125 2757 1322 2842 Prineipatue
1334 2773 1402 2822 mu-

164 2879 223 2926 nus
244 2879 364 2947 semper
383 2862 571 2946 agnouimus.
616 2862 661 2927 At
683 2879 754 2929 vero
777 2862 871 2928 vieini
884 2863 1030 2930 Patentis
1048 2861 1202 2947 cupiditas
1223 2861 1402 2945 temporetis

165 2965 295 3031 Nostrae
317 2965 536 3032 deminutionis
557 2966 736 3051 regionibus
758 2965 901 3044 inhiarit,
924 2965 1054 3034 uenalia
1075 2967 1231 3032 seotanrrn
1254 2965 1403 3050 perditio·

165 3069 213 3134 nis
235 3068 372 3152 paternis
395 3069 519 3134 Nostris
542 3071 636 3154 etque
657 3069 780 3135 iteratis
804 3067 1065 3136 admonitionibus
1087 3072 1120 3136 et
1139 3070 1268 3137 rooibus
1300 3070 1401 3138 obsti-

167 3175 240 3238 nate
260 3173 451 3257 praeposuit,
473 3174 506 3238 et
528 3172 704 3246 novissime,
726 3177 764 3238 ιιι
784 3173 871 3238 vobis
898 3177 1089 3258 compertum
1120 3179 1184 3252 est,
1214 3173 1288 3240 lilii
1315 3173 1403 3240 illius

165 3275 304 3363 Prodigi,
328 3277 367 3342 de
383 3293 448 3360 *que
480 3277 514 3342 in
547 3277 716 3365 Evangelio
748 3277 892 3362 tagininus,
924 3279 1149 3363 impudentiam
1172 3279 1263 3366 louge
1290 3297 1402 3364 super-

167 3399 291 3466 gressus
314 3381 394 3447 bane
421 3399 541 3465 qnoque
571 3379 679 3447 urbem
709 3382 874 3460 Neutrum,
905 3401 997 3466 quern
1028 3381 1087 3448 sibi
1108 3382 1295 3466 postulabat,
1318 3383 1349 3448 vi
1371 3383 1404 3449 et

164 3485 260 3550 armis
283 3486 483 3570 expugnarit,
516 3503 645 3570 eamque
678 3502 762 3552 nune
793 3487 826 3551 in
858 3505 916 3553 sua
938 3484 1093 3572 potestate
1115 3481 1223 3553 eontra
1244 3505 1333 3554 ornae
1356 3488 1403 3554 les

163 3589 286 3670 retinet,
311 3590 410 3656 veluti
432 3590 649 3670 substantiam,
674 3609 753 3674 quae
774 3591 876 3674 ipsum
898 3593 1070 3676 continget.
1115 3593 1198 3658 Fieri
1219 3593 1401 3676 nonpotest,

162 3695 361 3760 venerabiies
384 3695 517 3775 Fratres,
540 3695 615 3779 quin
639 3695 838 3762 uehementer
859 3696 898 3761 ob
929 3696 1008 3761 beno
1028 3697 1102 3760 'tarn
1132 3695 1283 3762 nonnam
1312 3713 1402 3762 usur·

161 3797 316 3882 petionem
339 3815 432 3883 quam
455 3801 603 3884 patimur,
626 3817 814 3867 mereamur.
859 3801 1014 3885 tegimur
1035 3801 1160 3865 omnino
1180 3801 1270 3866 ιιιιιιιι
1285 3800 1401 3886 iniqui-

163 3904 230 3968 tate
254 3901 377 3968 consilii
409 3904 489 3987 quod
523 3923 559 3970 ee
590 3906 721 3988 spectat,
756 3909 793 3970 ιιι
826 3905 909 3970 ιιιιιι
941 3905 1055 3970 Νοιιιο
1085 3904 1266 3989 Prineipatu
1290 3904 1402 3984 deleto,

162 4023 224 4070 une
246 4006 415 4090 eademque
435 4023 538 4091 opera,
560 4007 587 4072 si
610 4010 655 4073 ita
677 4009 799 4074 euenire
815 4009 929 4091 posset,
952 4008 1251 4091 spiritualieNostre
1265 4010 1403 4094 potestas

162 4112 194 4175 et
216 4109 337 4175 Christi
358 4111 501 4195 Regnum
523 4112 565 4176 in'
579 4111 670 4176 terris
692 4111 844 4178 deleatur.
889 4111 1045 4196 tegimur
1066 4113 1114 4178 tot
1136 4113 1277 4196 marium
1300 4113 1401 4179 malo·

163 4229 232 4278 rum
256 4212 416 4296 adspectu,
438 4229 540 4280 eorum
562 4213 744 4298 praesertim
767 4211 880 4297 quibus
903 4219 1030 4280 aeterna
1052 4217 1156 4300 populi
1178 4215 1286 4282 Nostri
1318 4216 1402 4284 selus

162 4315 194 4382 in
218 4315 384 4383 discrimen
406 4321 551 4396 venetum
573 4335 636 4402 que
658 4319 690 4384 in
720 4318 891 4384 eosrbitate
919 4319 998 4384 nibil
1028 4319 1126 4385 Nobis
1156 4321 1205 4386 est
1229 4319 1401 4388 luctuosius

162 4437 256 4506 quam
279 4438 443 4506 oppressae
465 4423 601 4489 Nostrae
619 4421 775 4490 libertatis
797 4423 971 4490 conditione
992 4423 1137 4506 inpediri
1164 4424 1326 4507 quominus
1355 4427 1405 4491 tot

164 4525 257 4590 melis
279 4528 451 4592 neoeesant
473 4527 610 4594 remedia
632 4524 844 4593 adhibeamus.
889 4527 983 4593 Nisus
1005 4527 1153 4597 moeroris
1168 4527 1276 4594 Nostri
1288 4529 1401 4609 caude,

161 4628 360 4698 venerabiles
387 4627 535 4711 inatres,
568 4629 691 4698 eeoedit
718 4628 815 4698 etiem
845 4629 939 4718 longa
967 4629 1024 4698 ille
1052 4632 1086 4696 et
1107 4631 1283 4700 miseranda
1305 4633 1401 4700 serim
