3182 4910
190 307 315 376 CXLIV
346 329 436 385 Deor.
455 343 478 384 s.
498 327 608 402 conpr.
627 329 688 386 Rit.
707 332 736 384 d.
756 331 801 385 22.
817 329 887 386 Dec.
906 329 1429 400 1870(ταφνοαρνοΒιαιειοαηΊ

190 499 253 582 xv.
281 498 462 584 iiccrcbun
490 503 654 605 qenersic
680 501 724 584 b'e
753 505 979 606 processibus
1005 523 1068 605 pro
1083 503 1206 584 Baebi.
1221 503 1429 587 cicaucnia

667 624 853 707 Servorum
882 623 951 707 iici.
1287 641 1296 654 '

292 760 387 826 Sacra
409 762 539 828 Ritnum
563 763 771 850 Gongrcgatio
794 765 965 849 expendens
989 767 1155 834 Processus
1177 767 1242 832 siue
1264 765 1430 833 Ordinatio

189 867 254 932 sire
275 866 456 952 apostolica
479 869 668 938 auctoritate
688 889 744 955 pro
766 870 931 938 Servorum
953 871 1012 937 Dei
1040 871 1277 938 Beabiiicaticne
1307 871 1339 935 et
1369 869 1429 934 (ia-

190 971 382 1038 ucniuationc
404 972 493 1038 extra
515 973 630 1040 Urbem
653 976 806 1042 confectos
828 993 956 1060 grauem
968 975 1151 1060 quandoque
1163 974 1429 1062 irregularitatem

190 1073 338 1140 adnotare
361 1075 468 1142 debuit
489 1076 522 1142 iu
544 1096 579 1144 eo
602 1077 705 1156 sitam
729 1077 810 1164 qued
831 1079 969 1163 personis
991 1080 1110 1146 certum
1133 1078 1268 1146 officium
1291 1078 1324 1144 in
1353 1096 1426 1162 pro-

189 1197 276 1244 cessu
309 1179 489 1246 instruendo
522 1181 710 1264 gerentibus,
745 1184 909 1268 postquam
941 1182 996 1248 illc
1026 1181 1115 1268 iungi
1137 1183 1313 1268 coeperunt,
1337 1180 1427 1248 uenia

190 1280 265 1348 data
286 1283 390 1360 fuerit,
412 1283 601 1368 perdurante
624 1286 727 1350 adhue
749 1285 814 1352 siue
838 1285 1001 1352 Ordinaris
1023 1287 1088 1356 sire
1121 1287 1217 1354 etiam
1247 1285 1426 1372 Apostolica

189 1385 326 1469 ejusdem
361 1385 480 1454 Causae
513 1389 722 1474 inquisitione,
756 1389 857 1456 officio
890 1390 989 1475 primo
1018 1390 1156 1472 dimisso,
1178 1391 1263 1458 aliud
1286 1390 1427 1456 diversae

190 1488 303 1556 indolis
324 1491 501 1558 assumendi
521 1495 553 1558 ct
577 1493 745 1560 exercendi.
791 1494 877 1560 Haeo
900 1497 1005 1560 autem
1037 1496 1207 1562 officiorum
1237 1494 1427 1580 permutatio

190 1611 261 1658 cum
283 1593 371 1662 Juris
394 1594 511 1680 regulis
533 1596 662 1662 mininie
690 1616 822 1664 consona
847 1597 1001 1680 rideatur,
1030 1599 1137 1666 eadem
1167 1599 1262 1667 Sacra
1290 1599 1424 1684 Congre-

189 1696 276 1784 gatio
308 1698 341 1764 iu
362 1698 536 1766 ordinariis
569 1698 662 1785 hujus
699 1700 761 1768 diei
797 1701 940 1768 comitiis
975 1702 1015 1768 ad
1038 1703 1223 1770 Vaticanum
1246 1701 1362 1770 habitis
1385 1699 1427 1768 ad

189 1801 383 1886 praedictum
418 1805 636 1872 removendum
669 1805 798 1872 abusum
829 1808 862 1872 et
892 1806 1096 1892 suspicionem
1114 1807 1301 1894 quamlibet
1329 1807 1424 1874 etiarn

189 1905 289 1972 leuem
310 1907 344 1973 in
365 1927 399 1973 re
420 1911 486 1974 am
509 1909 615 1994 grauis
636 1910 785 1976 momenti
806 1929 931 1994 prorsus
952 1910 1183 1992 eliminandam,
1211 1915 1329 1980 camarii
1346 1931 1426 1994 prc-

192 2010 370 2090 tibcudum,
393 2012 422 2080 si
444 2012 583 2079 sommo.
601 2013 770 2096 placuerit,
793 2035 832 2080 ue
852 2015 998 2098 deinceps
1019 2017 1054 2082 in
1076 2017 1246 2084 condendas
1266 2015 1428 2100 artensis

190 2113 395 2184 Processibrcs
426 2121 492 2183 tum
516 2117 712 2198 Ordiruuriia,
745 2140 840 2202 qsaum
871 2119 1075 2204 apostolicis,
1107 2122 1151 2188 ud
1177 2121 1314 2206 ejusdcm
1336 2120 1428 2187 Serui

189 2217 254 2288 Dei
275 2217 412 2288 Gomorra
432 2221 668 2304 pertinentibus,
692 2221 799 2290 eadem
816 2243 957 2305 percursa
978 2224 1113 2292 diuersis
1142 2226 1259 2310 officiis
1284 2246 1323 2290 rac
1351 2244 1425 2290 sosc-

189 2325 303 2391 ccssioc
326 2326 459 2408 quiricis,
481 2332 644 2410 suumque
663 2327 770 2410 priori
791 2326 911 2410 captato
932 2333 961 2394 ei
982 2327 1125 2406 dimisso,
1142 2329 1236 2413 (aopi
1251 2327 1425 2412 possitarb

182 2447 289 2510 poeno
308 2430 473 2496 antitistis.
518 2430 576 2496 Die
601 2431 650 2496 10.
672 2429 851 2496 Decembris
877 2431 968 2496 1870.

292 2531 447 2620 Factaque
470 2535 508 2601 de
528 2535 704 2620 praemissis
726 2555 780 2620 per
791 2553 841 2600 me
852 2535 1061 2619 subscriptum
1074 2534 1280 2602 Secretmium
1298 2535 1426 2602 SSmmo

188 2637 321 2704 Domino
343 2639 460 2706 Nostro
484 2640 540 2706 Pio
563 2639 667 2724 Papae
690 2638 745 2705 lX.
767 2638 853 2704 busli
875 2638 1035 2718 relatione,
1058 2638 1214 2706 Sanctitas
1244 2637 1307 2704 Sua
1335 2657 1425 2723 prae-

188 2741 286 2808 fatam
309 2741 422 2808 Sacrae
446 2741 702 2828 congregationis
725 2741 909 2808 decisionem
933 2742 1033 2808 ratam
1048 2742 1159 2809 babuit
1174 2742 1423 2820 etconfirmauit,

188 2863 317 2930 eamque
338 2848 494 2930 praesenti
523 2847 662 2932 generali
689 2846 821 2913 Decreto
849 2845 1039 2932 promulgati
1070 2849 1102 2912 et
1133 2848 1172 2912 ab
1195 2847 1337 2913 omnibus
1360 2866 1425 2912 scr-

189 2949 255 3016 rari
277 2949 447 3018 mandarit.
494 2949 664 3018 Contrariis
694 2947 976 3016 nonobstantibus
1005 2950 1268 3035 quibuscumque,
1298 2949 1349 3016 die
1371 2951 1423 3015 22.

189 3052 325 3138 ejusdem
349 3055 465 3126 biensis
487 3058 520 3122 et
542 3054 634 3122 Anni.
724 3087 729 3096 ·

189 3157 237 3244 (ia.
261 3157 306 3240 S.)
350 3158 382 3224 C.
406 3159 576 3244 Episcopus
589 3159 706 3226 Ostien.
720 3159 752 3223 et
764 3157 913 3224 Veiitcru.
936 3157 1026 3225 Osrd.
1039 3159 1174 3240 Patriau',
1188 3159 1219 3226 S.
1231 3159 1266 3224 R.
1280 3159 1313 3225 G.
1324 3157 1425 3224 Praei.

354 3261 396 3328 D.
420 3263 596 3343 Boriolini,
619 3261 650 3328 S.
673 3262 710 3328 b.
735 3261 767 3328 Ο.
790 3259 991 3330 Secretumus.

189 3641 580 3744 iiiitoiicctiucinqabe
593 3643 657 3724 der
670 3643 897 3745 baycriscben
911 3641 1074 3724 Biscbbie
1087 3662 1132 3723 sn
1145 3639 1427 3741 Scinebiajcstiii

422 3765 487 3845 den
515 3763 627 3864 iibniq,
653 3764 720 3846 das
747 3763 922 3847 Pisceiun
950 3763 1080 3866 repiun
1109 3763 1196 3844 bcir.

294 3919 364 3985 Wio
387 3918 481 3986 scbon
503 3937 556 3987 vor
578 3919 649 3986 dem
672 3920 812 4005 Reginos
834 3921 888 3987 des
910 3919 1143 3987 vaticaniseben
1165 3916 1297 3996 concils,
1320 3937 1353 3983 sc
1369 3917 1426 3983 bat

190 4025 268 4092 auch
293 4025 372 4090 nauh
406 4023 460 4089 der
493 4023 537 4090 im
570 4022 711 4090 Scmmer
743 4025 871 4110 vcrigcn
903 4022 1019 4090 Jahres
1052 4023 1286 4110 cingeircteneu
1313 4021 1427 4087 Unter-

190 4129 349 4216 breohnng
371 4127 531 4196 desselben
553 4127 669 4194 Euerer
680 4129 831 4214 Maiestbt
841 4129 1028 4215 Konigiiche
1044 4129 1317 4214 Steatsregierung
1328 4123 1427 4190 durch

189 4233 475 4302 Ministerialcrlees
497 4251 566 4298 rom
588 4235 618 4298 9.
642 4231 768 4319 August
793 4235 875 4302 1870
898 4235 948 4300 die
970 4232 1167 4299 Erubischbse
1196 4231 1259 4296 und
1281 4228 1428 4296 Bisohbfe

189 4341 242 4406 des
264 4339 395 4406 Reicies
417 4337 531 4404 darauf
549 4336 757 4404 suimerksam
778 4340 935 4423 gemacht,
959 4340 1031 4404 dass
1055 4357 1109 4404 zur
1131 4336 1343 4432 Verkimiuug
1371 4335 1427 4402 der

189 4445 420 4512 vaticanischen
458 4442 757 4510 Ocucilsbesobluisss
797 4443 847 4508 dic
887 4443 1148 4510 landesberriicbe
1188 4440 1428 4526 Genehmigung

190 4547 348 4636 eingeholt
369 4549 489 4616 werden
511 4553 624 4614 misse.

294 4651 334 4720 Sc
366 4654 438 4720 sebr
469 4673 531 4718 uun
564 4652 644 4718 auch
678 4651 728 4718 die
762 4649 1109 4717 ellcrehrfurohtsrcllst
1148 4648 1428 4717 Unterueichueten
