3168 4918
154 276 157 286 .
190 224 351 294 CXXXVI
403 209 455 300 aa
472 243 526 300 lx.
544 245 589 298 lit.
608 243 690 298 brev.
708 244 737 299 d.
756 244 782 298 7.
799 243 865 300 Jcl.
884 244 957 300 1871
976 245 1013 302 de
1032 246 1085 301 cel.
1100 245 1180 313 sesto
1197 261 1221 302 e.
1240 246 1380 318 Joeepm.

330 416 382 499 xl.
406 415 666 518 imunitates
692 413 853 517 saepi
879 415 943 498 des
970 415 1115 518 balmen
1142 415 1279 514 tatere

188 558 289 624 darell
309 557 438 624 meletae
457 557 617 640 berdpliclr
637 555 695 622 der
716 555 813 622 Feier
833 557 889 624 dae
909 557 1043 642 tedium
1052 559 1199 644 decepta,
1225 559 1364 626 Patrone
1376 560 1433 625 der
1566 613 1567 658 p

188 663 400 730 kutlvolisctm
412 661 544 742 Kircbe,
566 661 707 728 mebrere
727 661 853 728 auem
864 663 1103 747 Anordaunpen
1122 664 1274 748 pctroffeu
1297 665 1431 730 werden.

657 781 751 849 PIUS
775 781 888 850 ΡΑΡΑ
910 781 967 850 ΙΧ.

534 903 591 970 An
604 909 791 986 perpetuom
812 904 861 970 rei
881 906 1074 970 memoriam.

290 1021 445 1110 inclytum
469 1023 685 1090 Patriarcham
708 1023 842 1090 Beatum
872 1021 1054 1108 occeptum,
1086 1044 1175 1110 quem
1211 1025 1294 1092 Deus
1323 1025 1430 1092 Omni·

188 1129 295 1212 potens
317 1145 390 1211 prae
412 1125 555 1193 omnibus
574 1127 697 1194 Sanctis
719 1129 784 1194 suis
795 1128 995 1212 purissimum
1015 1147 1180 1213 verumque
1195 1149 1340 1214 sponsum
1362 1149 1430 1196 esse

187 1231 286 1298 voluit
307 1231 340 1297 in
362 1228 454 1297 terris
478 1230 699 1297 immaculatae
720 1231 862 1318 Virginis
890 1231 1018 1312 Mariae,
1049 1252 1085 1298 ac
1114 1233 1291 1318 putativum
1320 1235 1429 1320 unige-

188 1339 246 1406 niti
272 1337 345 1406 viui
367 1339 415 1404 sni
438 1339 568 1422 putrem,
591 1355 742 1422 quemque
766 1336 805 1403 ad
828 1339 894 1404 tam
918 1337 1064 1403 sublimia
1092 1356 1220 1404 munera
1248 1337 1428 1404 fidelissime

187 1442 346 1530 implenda
375 1441 486 1528 gratiis
515 1461 639 1528 prorsus
669 1439 879 1527 singularibus
909 1441 995 1508 aurit
1029 1443 1061 1507 et
1094 1441 1216 1508 abunde
1247 1442 1427 1524 cumulavit,

187 1549 296 1616 merito
319 1545 481 1614 Catholica
502 1545 641 1612 Ecclesia
663 1545 765 1632 gloria
787 1543 819 1612 et
845 1545 958 1612 bonore
982 1546 1014 1611 in
1036 1545 1129 1612 coelia
1153 1549 1331 1613 coronatum
1358 1568 1427 1614 am-

186 1653 324 1739 plissimo
353 1649 549 1738 prosequitur
578 1649 664 1715 cultu
695 1652 788 1734 atque
817 1649 929 1716 intimo
959 1653 1122 1716 veneratur
1148 1651 1275 1736 pietatis
1305 1651 1428 1718 affectu.
1569 1714 1570 1744 1

187 1755 393 1840 Quamobrem
424 1755 554 1824 Romani
583 1753 751 1820 Pontifices
779 1754 1033 1820 Praedecessores
1064 1755 1184 1838 Nostri,
1220 1760 1256 1821 ut
1278 1760 1429 1842 augerent

186 1862 220 1927 in
242 1860 318 1943 dies,
341 1881 378 1928 ac
400 1859 558 1928 ardentius
580 1859 751 1925 excitarent
763 1857 795 1924 iu
808 1857 1065 1925 Christifidelium
1077 1859 1220 1925 cordibus
1236 1857 1429 1927 devotionem

188 1968 220 2033 et
245 1965 449 2033 reverentiam
476 1984 552 2052 erga
577 1963 720 2028 sanctum
744 1961 972 2042 Patriarcham,
995 1981 1107 2046 eosque
1130 1961 1366 2030 cohortarentur
1389 1963 1429 2030 ad

187 2069 277 2136 Illius
298 2070 381 2156 apud
404 2067 504 2134 Deum
535 2067 784 2134 intercessionem
814 2085 935 2134 summa
963 2085 1034 2131 cum
1056 2065 1170 2133 fiducia
1192 2065 1428 2152 implorandam,

187 2174 273 2240 baud
294 2173 474 2254 omiserunt,
507 2173 627 2257 quoties
660 2173 831 2258 opportuna
853 2170 935 2236 esset
956 2169 1092 2251 occasio,
1116 2189 1210 2236 novas
1239 2191 1360 2256 semper
1391 2193 1428 2239 ac
1570 2229 1571 2242 .

187 2279 319 2364 majores
340 2278 456 2364 publici
491 2277 593 2343 cultus
618 2265 868 2362 'significationes
901 2274 1002 2340 eidem
1037 2273 1211 2342 decernere.
1260 2276 1346 2344 Inter
1377 2297 1428 2345 eos

187 2383 336 2450 memoria
357 2385 494 2468 repetere
509 2379 645 2447 sufficiat
662 2379 915 2447 Praedecessores
931 2377 1061 2446 Nostros
1084 2377 1182 2446 lelicis
1205 2379 1429 2447 recordationis

187 2483 388 2567 xntumlv.
411 2485 463 2572 qni
486 2481 600 2552 testum
623 2484 653 2550 S.
678 2481 805 2567 Josephi
824 2481 917 2548 inseri
940 2482 1039 2550 voluit
1061 2482 1092 2549 in
1115 2483 1273 2550 Breviario
1297 2485 1329 2551 et
1350 2485 1429 2550 Mis·
1571 2519 1572 2584 3

186 2592 245 2658 sali
282 2591 429 2670 Romano,
463 2588 645 2675 Gregorinm
679 2587 759 2667 XV„
794 2587 848 2672 qui
881 2585 1004 2654 decreto
1045 2587 1108 2654 diei
1141 2587 1226 2654 VHI.
1260 2588 1337 2674 Maji
1375 2610 1425 2656 an.

188 2693 359 2764 MDCXXL
382 2693 497 2760 lectum
521 2693 620 2778 ipsum
643 2693 701 2758 sub
725 2691 840 2776 duplici
864 2691 1026 2777 praecepto
1049 2691 1082 2756 in
1111 2691 1252 2759 universo
1280 2693 1353 2760 orbe
1379 2714 1429 2760 re-

186 2801 245 2868 coli
267 2799 437 2878 mandavit,
461 2797 651 2864 Clementem
674 2793 725 2876 X„
747 2795 801 2881 qui
824 2795 874 2863 die
886 2795 938 2864 Vl.
960 2795 1141 2862 Decembris
1170 2815 1220 2862 an.
1241 2795 1427 2867 MDOLXX.

186 2903 286 2972 eidem
308 2904 388 2971 leste
410 2901 505 2969 ritum
529 2899 661 2987 duplicis
676 2899 828 2966 secundae
851 2899 958 2967 classis
974 2900 1135 2980 concessit,
1154 2899 1345 2968 Clementem
1360 2899 1427 2984 XL,

184 3008 239 3095 qui
259 3007 382 3076 decreto
403 3005 465 3074 diei
486 3003 541 3072 IV.
575 3003 733 3089 Februarii
761 3024 811 3071 au.
845 3002 1046 3073 MDCCXIV.
1080 3004 1194 3072 festum
1230 3005 1424 3090 praedictum

185 3113 284 3179 Missa
304 3130 341 3178 ac
364 3109 474 3182 Officio
496 3106 618 3196 integre
648 3109 779 3195 propriis
809 3109 1043 3190 condecoravit;
1066 3128 1102 3175 ac
1125 3109 1251 3176 tandem
1275 3111 1427 3178 Benedic-

184 3217 253 3283 tum
276 3213 374 3296 x111.‚
409 3215 462 3302 qui
496 3232 607 3282 nomen
640 3213 747 3280 Sancti
782 3213 984 3280 Patriarchae
1018 3211 1140 3284 decreto
1163 3214 1246 3281 edito
1269 3215 1318 3282 die
1341 3215 1425 3286 XIX.

184 3319 364 3386 Decembris
386 3337 435 3386 an.
459 3315 690 3385 MDGOXXVL
714 3315 897 3385 Sanctorum
919 3315 1040 3384 litaniis
1062 3317 1136 3384 addi
1157 3317 1259 3404 jussit.
1304 3323 1350 3386 Ac
1372 3339 1427 3386 nos

183 3424 254 3509 ipsi,
277 3425 441 3510 postquam
464 3419 675 3506 investigabili
699 3419 755 3488 Dei
774 3421 892 3506 judicio
915 3419 955 3486 ad
982 3440 1156 3505 supremam
1190 3420 1277 3489 Petri
1308 3423 1425 3490 Cathe-

183 3527 272 3596 dram
295 3525 394 3596 evecti
416 3527 542 3605 fuimus,
566 3526 643 3592 moti
666 3528 734 3592 tum
757 3523 925 3593 illustrium
949 3523 1223 3593 Praedecessorum
1239 3527 1425 3594 Nostrorum

183 3631 346 3716 exemplis,
377 3634 445 3699 tum
475 3629 629 3716 singulari
651 3627 822 3710 devotione,
843 3651 905 3716 qua
926 3649 1023 3716 usqne
1045 3632 1084 3699 ab
1114 3632 1323 3699 adolescentia
1351 3651 1427 3718 erga

182 3735 326 3802 eumdem
354 3739 496 3804 sanctum
528 3734 743 3802 Patriarcham
770 3735 875 3802 affecti
898 3734 1035 3818 inimum
1059 3736 1181 3804 decreto
1204 3736 1266 3804 diei
1289 3736 1326 3802 X.
1350 3733 1426 3821 Sep-

182 3839 311 3908 tembris
344 3839 613 3909 uococxuvn.
647 3861 761 3928 magno
794 3838 890 3908 animi
919 3839 1028 3908 Nostri
1047 3842 1162 3930 gaudio
1186 3841 1224 3909 ad
1248 3841 1425 3908 nniversam

182 3944 356 4012 Ecclesiam
388 3946 445 4013 snb
482 3945 546 4013 ritu
585 3944 716 4030 duplicis
749 3945 902 4014 secundae
937 3945 1046 4012 classis
1085 3945 1277 4014 extendimus
1310 3943 1425 4012 testum

182 4047 354 4116 Patrocinii
383 4049 467 4134 ejus,
497 4049 578 4134 quod
604 4049 670 4134 jam
692 4051 834 4134 pluribus
856 4051 888 4116 in
916 4047 991 4117 locis
1014 4049 1141 4137 speciali
1170 4049 1264 4136 hujus
1293 4047 1425 4117 Sanctae

181 4153 270 4222 Sedis
292 4151 414 4220 indulto
436 4153 659 4222 celebrabatur.
705 4152 820 4222 Verum
843 4155 1007 4239 postremis
1040 4153 1123 4221 hisce
1158 4154 1359 4240 temporibus,
1392 4153 1425 4220 in

181 4257 293 4341 quibus
315 4257 450 4324 immane
471 4277 508 4324 ac
529 4259 727 4324 teterrimum
751 4256 866 4324 bellum
891 4261 996 4326 contra
1021 4259 1140 4325 Christi
1168 4257 1341 4324 Ecclesiam
1363 4258 1379 4323 f
1399 4257 1424 4324 't

181 4361 344 4438 indictum.
368 4359 506 4428 fidelium
530 4361 652 4428 devotio
674 4382 749 4448 erga
771 4361 920 4428 Sanctum
943 4361 1111 4446 Josephnm
1135 4361 1212 4428 adeo
1240 4361 1372 4428 increvit
1394 4364 1426 4429 et

180 4484 343 4550 progressa
365 4466 431 4546 est,
453 4465 490 4531 ut
513 4464 596 4532 omni
620 4483 655 4532 ex
677 4467 767 4552 parte
789 4465 829 4532 ad
851 4465 916 4532 Nos
939 4465 1118 4531 innumerae
1141 4483 1177 4530 ac
1199 4465 1424 4531 fervidissimus

180 4569 376 4655 pervenerint
409 4567 647 4654 postulationes,
683 4589 762 4655 qnae
789 4588 886 4655 nuper
915 4569 989 4636 dum
1023 4569 1151 4637 Sacrum
1186 4567 1425 4636 Oecumenicum
