3182 4910
77 343 102 394 e
211 336 265 392 Pa
282 335 336 392 rx.
355 338 400 393 aa.
420 337 502 392 arev.
520 337 548 391 a.
567 337 593 389 7.
613 334 678 392 aar.
697 333 769 390 rear
788 329 1049 401 acccelerare
1068 345 1093 385 a
1113 327 1199 400 arpa
1220 327 1287 402 usp.
1303 305 1401 376 (lllbl

159 509 260 578 diores
287 509 467 589 sententias,
491 510 531 576 ad
553 509 657 576 tutam
679 507 877 574 muniendam
901 503 994 584 riam
1017 523 1072 588 per
1092 519 1186 586 quam
1206 497 1400 568 christifide-

160 613 238 680 lium
259 615 434 680 animarum
452 613 663 682 Moderatorcs
685 613 831 678 inoffensa
852 610 930 696 pede
952 607 1093 675 incedere
1116 607 1249 691 possent,
1273 604 1338 671 sire
1360 603 1400 670 ad

160 717 285 784 Olenum
306 718 547 799 informandam,
570 717 806 798 instituendum,
830 716 895 782 sive
919 713 958 784 ad
971 711 1150 779 Catholicae
1173 709 1260 776 Fidei
1282 708 1399 775 veria·

160 823 224 888 tem
246 823 499 901 confirmandam,
522 824 555 889 et
577 823 685 889 cantra
706 821 927 908 cujuscumque
950 817 1073 904 generis
1096 815 1151 881 aut
1173 811 1305 880 nominis
1316 812 1400 878 llae-

160 926 272 993 ratiaas
295 927 530 1006 defendendam,
552 927 617 992 aire
640 925 680 992 ad
703 925 868 992 asserenda
889 925 982 1010 bajus
1004 919 1199 1006 spostolicae
1211 917 1299 985 Sedis
1317 917 1399 1002 jura,

159 1031 223 1097 sire
247 1030 287 1096 ad
307 1031 460 1096 Fidelium
484 1031 602 1096 animos
624 1030 664 1096 ad
686 1029 835 1114 pietatem
857 1025 1043 1094 eraiandas.
1075 1026 1143 1091 Hac
1163 1041 1252 1109 porra
1273 1021 1398 1109 praeeli-

160 1133 224 1200 cari
246 1134 404 1202 verissime
426 1137 538 1220 potest,
562 1135 681 1201 nullum
704 1153 770 1200 csse
794 1133 842 1200 uel
864 1133 1038 1221 nestrorum
1061 1133 1234 1215 temporam
1256 1145 1398 1208 errarem,

158 1238 223 1322 qui,
246 1239 381 1305 maxima
403 1240 515 1306 saltem
538 1259 574 1306 ex
595 1233 694 1324 parte,
716 1257 777 1304 nan
799 1238 842 1304 sit
864 1237 904 1303 ab
927 1235 1085 1319 Alpbanso
1108 1233 1272 1300 relabatua
1317 1229 1400 1312 Quid

160 1342 241 1424 quod
264 1361 308 1423 aa,
333 1361 412 1426 qaae
434 1345 503 1409 tum
525 1343 564 1410 dc
587 1343 792 1409 Immaculata
814 1339 946 1408 Sanctae
974 1339 1034 1405 Dei
1063 1337 1230 1406 Sanitricis
1259 1335 1398 1420 Oonoep·

159 1445 253 1524 tiane,
282 1449 350 1512 tam
373 1446 410 1512 ds
433 1447 564 1514 Romani
588 1446 749 1514 Pontificio
770 1464 807 1513 ex
830 1444 987 1513 Oatbedra
1008 1439 1400 1518 docentisIniollibilitate,

158 1549 325 1633 plaudente
348 1551 517 1617 christiano
539 1551 650 1636 popolo
672 1553 704 1616 et
720 1549 970 1634 frequentissimo
992 1547 1127 1615 uniuersi
1149 1543 1295 1612 catholici
1317 1543 1400 1609 erbis

158 1651 348 1720 Antistitum
382 1673 527 1720 consessu
547 1655 746 1738 approbante,
768 1673 787 1720 a
808 1653 907 1720 Nobis
930 1651 1050 1717 senata
1077 1667 1160 1731 sana,
1186 1649 1219 1714 in
1248 1647 1401 1732 alphonsi

158 1756 311 1840 Operibus
339 1757 536 1842 reperiuntur
565 1760 598 1824 et
629 1755 816 1824 nitidissime
838 1755 975 1842 exposita
1008 1756 1040 1822 at
1072 1751 1274 1820 validissimis
1300 1739 1401 1836 ¹arga·-

158 1861 272 1928 meutis
293 1861 521 1930 demonstrata!

265 1965 472 2046 Quamobrem
493 1967 526 2032 in
548 1967 640 2033 Hune
660 1965 796 2051 perbelle
818 1963 904 2032 cadit
926 1963 1153 2031 nobilissimam
1175 1960 1254 2028 illud
1276 1959 1399 2028 divinae

158 2069 335 2153 Sapientiae
357 2072 569 2155 praeconiam:
593 2072 667 2138 Noa
688 2075 807 2136 recedet
827 2071 978 2136 memoria
999 2067 1093 2154 aare,
1116 2073 1144 2136 et
1172 2087 1283 2133 aoaaca
1315 2064 1400 2151 epau

157 2175 336 2256 requiretur
370 2197 393 2241 a
418 2177 614 2260 pancratiaste
642 2177 678 2242 a'a
697 2175 939 2260 walanem.
983 2171 1180 2254 Sapientiam
1202 2171 1287 2254 Faus
1308 2191 1398 2237 errar-

156 2278 274 2354 rabaat
302 2283 407 2364 pantes
438 2285 466 2344 et
498 2279 609 2346 laedes
641 2277 724 2362 &aa
756 2277 928 2344 mamm
961 2276 1116 2342 Ecclesia
1161 2276 1207 2340 Aa
1230 2275 1306 2340 Pius
1326 2273 1398 2341 VIL

158 2382 380 2450 Praedecessar
403 2381 514 2449 Noster
535 2380 716 2448 recolendae
739 2379 914 2458 memoriae,
937 2397 1089 2446 summam
1103 2377 1253 2462 Alpbansi
1274 2379 1398 2462 sapien·

159 2489 237 2554 tiam
275 2487 459 2565 demiratus,
500 2485 717 2571 pacsanum
756 2485 815 2552 boc
854 2483 892 2549 de
933 2503 968 2549 eo
1003 2481 1134 2568 protulit
1165 2481 1397 2550 testimonium:

165 2591 251 2672 Voce,
274 2590 432 2669 nimirum,
455 2591 646 2671 asscriptis
670 2591 706 2655 ia
727 2589 832 2657 media
854 2587 973 2656 saeculi
998 2593 1085 2655 nocte
1106 2585 1286 2656 arantibus
1314 2589 1399 2654 aare

151 2696 299 2780 justitiae
320 2695 499 2772 comedam,
518 2715 579 2776 per
600 2715 694 2777 mam
720 2699 851 2776 possead
882 2693 922 2759 de
947 2697 1101 2775 possae
1132 2691 1333 2758 latebrarum
1363 2693 1399 2758 ia

158 2799 224 2866 Dei
243 2801 348 2866 tamea
368 2819 406 2865 aa
427 2819 558 2883 reparans
579 2799 726 2866 narare.
770 2798 849 2864 Item
872 2797 924 2863 fal.
948 2815 1009 2863 rac.
1032 2795 1182 2862 Decesear
1199 2797 1303 2862 noster
1317 2793 1397 2862 Gra·

157 2905 263 2990 gerim
276 2903 360 2970 Xlll.
370 2903 586 2970 incredibilem
598 2900 749 2985 alphonsi
759 2901 885 2968 amandi
904 2902 977 2978 aim,
1000 2901 1132 2982 copiam,
1158 2897 1399 2984 cereamque

157 3009 320 3076 doctrinm
342 3007 484 3074 maximis
512 3007 658 3072 laudibus
685 3007 899 3092 prosequutus,
923 3005 1002 3070 Sum
1025 3003 1208 3072 Sanctorum
1244 3002 1397 3070 Coclitum

157 3114 248 3180 fastis
269 3112 444 3196 adscripsit.
489 3111 627 3178 Tandem
650 3112 764 3177 nasbis
786 3109 870 3176 bisce
891 3109 1094 3194 temporibus,
1116 3105 1243 3192 plurimi
1264 3103 1397 3174 Sanctae

156 3219 314 3286 Romanae
335 3216 492 3284 llcclcsiae
515 3215 703 3295 cardinales,
724 3215 789 3280 fare
810 3233 916 3280 amnes
938 3213 1036 3280 tatius
1058 3210 1396 3279 arbisSaoraram-An-

156 3321 285 3403 tistilas,
308 3319 452 3406 Supremi
472 3319 686 3404 religiosarum
709 3317 859 3386 Ordinem
881 3316 1102 3395 Moderatoras,
1130 3314 1267 3400 insignia
1299 3313 1396 3382 Sada·

156 3426 235 3493 lium
265 3426 490 3512 Theologorum
515 3441 651 3508 corpora,
673 3421 810 3489 illustria
832 3420 1055 3488 canonicorum
1080 3419 1228 3506 Collegit,
1259 3419 1294 3486 et
1314 3419 1398 3486 docti

157 3551 195 3598 ex
216 3531 301 3598 amni
322 3532 412 3597 cocta
433 3528 502 3594 viri
531 3529 685 3613 supplicas
706 3527 805 3594 Nobis
831 3545 936 3611 preces
958 3528 1167 3610 pomeranam,
1191 3527 1227 3590 ut
1248 3521 1397 3590 Sanctam

157 3635 351 3720 Alpbonsam
373 3633 508 3700 blaciam
529 3632 568 3698 de
590 3633 715 3720 Ligario
737 3631 887 3699 Doctaris
909 3629 1074 3697 Ecclesiae
1095 3627 1189 3696 titulo
1211 3625 1396 3696 bonoribus·

157 3759 218 3824 que
239 3755 419 3824 augeamus.
468 3736 534 3802 Nos
562 3736 669 3820 itaque
690 3735 751 3820 piis
772 3735 857 3802 bisce
879 3733 1021 3818 precibus
1043 3732 1252 3800 obsecundare
1276 3731 1398 3800 lubenti

158 3843 260 3909 animo
290 3842 446 3920 nolentes,
476 3840 694 3926 parissimam
723 3841 781 3907 bac
803 3835 973 3925 negotium,
996 3839 1148 3904 ulmaria
1176 3839 1234 3918 est,
1257 3839 1397 3925 caume-

158 3946 278 4030 gatiani
300 3945 366 4011 Vll.
391 3945 450 4010 FF.
474 3939 546 4010 Nn.
570 3941 601 4012 S.
623 3944 660 4010 B.
683 3943 718 4013 ll.
742 3941 954 4010 cardinalium
983 3943 1109 4008 tuendis
1137 3941 1294 4008 Ecclesiae
1315 3942 1398 4008 thi-

158 4053 216 4117 bus
237 4049 479 4136 praepositorum
504 4047 731 4132 expendendum
749 4047 968 4114 commisimus.
1012 4046 1085 4112 Jam
1109 4065 1189 4125 uero,
1220 4063 1290 4112 cum
1312 4045 1398 4112 dicta

158 4155 225 4223 VV.
247 4155 307 4222 us.
329 4153 401 4220 NN.
425 4151 630 4238 Congregatic
652 4152 684 4218 in
707 4151 878 4218 Ordinariis
901 4149 1043 4218 comitiis
1058 4150 1097 4216 ad
1112 4148 1281 4216 vaticanae
1296 4149 1397 4216 dedas

158 4261 209 4326 die
234 4259 290 4325 XI.
313 4257 422 4324 Martii
444 4257 538 4340 bajus
560 4257 710 4324 vertentis
733 4257 805 4322 anni
828 4256 955 4334 habitis,
986 4255 1095 4322 audita
1121 4253 1269 4320 relatione
1297 4251 1398 4319 Vene-

157 4365 266 4432 rabilis
288 4361 410 4428 Fratris
429 4361 538 4428 Nostri
561 4361 757 4429 (lonstantini
772 4361 805 4428 S.
829 4361 867 4430 R.
890 4361 925 4428 ll.
951 4359 1123 4429 Cardiaalis
1139 4358 1257 4425 Patrlzi
1278 4374 1396 4424 nunon-

158 4471 234 4554 pati,
256 4466 399 4552 Episcopi
422 4465 540 4532 Ostien.
564 4468 596 4532 et
618 4465 818 4542 veliternen..
845 4464 984 4550 ejusdem
1014 4463 1270 4548 congregationis
1297 4463 1395 4529 Prae-

157 4574 243 4653 lecti,
276 4572 455 4656 Caussaque
489 4572 653 4652 Ponantis;
688 4571 890 4638 consideratis
922 4569 1247 4637 Ammamersianibas
1288 4566 1396 4636 dilecti

157 4678 229 4746 Filii
253 4677 339 4744 Petri
360 4675 487 4744 Minetti
509 4675 698 4763 Presbyteri,
707 4675 795 4744 Fidei
810 4674 1017 4754 Promotoria;
1040 4675 1116 4743 item
1130 4673 1255 4744 Patroni
1271 4674 1392 4744 (laurae
