<?xml version="1.0" encoding="UTF-8"?>
<!DOCTYPE html PUBLIC "-//W3C//DTD XHTML 1.0 Transitional//EN"
    "http://www.w3.org/TR/xhtml1/DTD/xhtml1-transitional.dtd">
<html xmlns="http://www.w3.org/1999/xhtml" xml:lang="en" lang="en">
 <head>
  <title>
</title>
<meta http-equiv="Content-Type" content="text/html;charset=utf-8" />
  <meta name='ocr-system' content='tesseract 3.04.00' />
  <meta name='ocr-capabilities' content='ocr_page ocr_carea ocr_par ocr_line ocrx_word'/>
</head>
<body>
  <div class='ocr_page' id='page_1' title='image "./archivfrkatholi11unkngoog_0144.png"; bbox 0 0 3182 4910; ppageno 0'>
   <div class='ocr_carea' id='block_1_1' title="bbox 204 300 1388 394">
    <p class='ocr_par' dir='ltr' id='par_1_1' title="bbox 204 300 1388 394">
     <span class='ocr_line' id='line_1_1' title="bbox 204 300 1388 394; baseline -0.002 -16"><span class='ocrx_word' id='word_1_1' title='bbox 204 321 294 378; x_wconf 82' lang='lat' dir='ltr'><strong>Deor.</strong></span> <span class='ocrx_word' id='word_1_2' title='bbox 316 321 426 394; x_wconf 81' lang='lat' dir='ltr'><strong>Oorapr.</strong></span> <span class='ocrx_word' id='word_1_3' title='bbox 444 319 505 378; x_wconf 74' lang='lat' dir='ltr'><strong>nst.</strong></span> <span class='ocrx_word' id='word_1_4' title='bbox 525 323 553 377; x_wconf 90' lang='lat' dir='ltr'><strong>d.</strong></span> <span class='ocrx_word' id='word_1_5' title='bbox 572 319 620 377; x_wconf 81' lang='grc'><strong>20.</strong></span> <span class='ocrx_word' id='word_1_6' title='bbox 638 321 723 378; x_wconf 76' lang='lat' dir='ltr'><strong>Jonas</strong></span> <span class='ocrx_word' id='word_1_7' title='bbox 739 323 812 378; x_wconf 81' lang='lat'><strong><em>1871</em></strong></span> <span class='ocrx_word' id='word_1_8' title='bbox 831 323 981 379; x_wconf 80' lang='lat' dir='ltr'><strong>demissa</strong></span> <span class='ocrx_word' id='word_1_9' title='bbox 996 327 1049 378; x_wconf 84' lang='lat' dir='ltr'><strong>oct</strong></span> <span class='ocrx_word' id='word_1_10' title='bbox 1076 339 1099 378; x_wconf 86' lang='lat' dir='ltr'><strong>s.</strong></span> <span class='ocrx_word' id='word_1_11' title='bbox 1117 321 1174 378; x_wconf 82' lang='lat' dir='ltr'><strong>Joe</strong></span> <span class='ocrx_word' id='word_1_12' title='bbox 1228 300 1388 370; x_wconf 62' lang='lat' dir='ltr'><strong>CXXXIX</strong></span> 
     </span>
    </p>
   </div>
   <div class='ocr_carea' id='block_1_2' title="bbox 148 491 1389 788">
    <p class='ocr_par' dir='ltr' id='par_1_2' title="bbox 148 491 1389 788">
     <span class='ocr_line' id='line_1_2' title="bbox 259 491 1389 578; baseline 0 -18"><span class='ocrx_word' id='word_1_13' title='bbox 259 491 344 560; x_wconf 80' lang='lat' dir='ltr'><strong>Dat.</strong></span> <span class='ocrx_word' id='word_1_14' title='bbox 367 493 430 564; x_wconf 84' lang='lat' dir='ltr'><strong>IV.</strong></span> <span class='ocrx_word' id='word_1_15' title='bbox 452 493 566 560; x_wconf 88' lang='lat' dir='ltr'><strong>Utrum</strong></span> <span class='ocrx_word' id='word_1_16' title='bbox 589 492 702 560; x_wconf 78' lang='lat' dir='ltr'>abhinc</span> <span class='ocrx_word' id='word_1_17' title='bbox 724 493 839 562; x_wconf 78' lang='lat' dir='ltr'><strong>renum</strong></span> <span class='ocrx_word' id='word_1_18' title='bbox 863 494 964 560; x_wconf 83' lang='lat' dir='ltr'><strong>sancti</strong></span> <span class='ocrx_word' id='word_1_19' title='bbox 985 493 1114 578; x_wconf 84' lang='lat' dir='ltr'><strong>Josephi</strong></span> <span class='ocrx_word' id='word_1_20' title='bbox 1136 493 1218 562; x_wconf 86' lang='lat' dir='ltr'><strong>inter</strong></span> <span class='ocrx_word' id='word_1_21' title='bbox 1241 513 1279 560; x_wconf 85' lang='lat' dir='ltr'><strong>ea</strong></span> <span class='ocrx_word' id='word_1_22' title='bbox 1307 494 1389 560; x_wconf 83' lang='lat' dir='ltr'><strong>festa</strong></span> 
     </span>
     <span class='ocr_line' id='line_1_3' title="bbox 148 597 1388 683; baseline 0 -19"><span class='ocrx_word' id='word_1_23' title='bbox 148 599 220 683; x_wconf 88' lang='lat' dir='ltr'><strong>poni</strong></span> <span class='ocrx_word' id='word_1_24' title='bbox 242 598 364 676; x_wconf 84' lang='lat' dir='ltr'><strong>debeat,</strong></span> <span class='ocrx_word' id='word_1_25' title='bbox 399 597 431 662; x_wconf 91' lang='lat' dir='ltr'><strong>in</strong></span> <span class='ocrx_word' id='word_1_26' title='bbox 468 597 579 682; x_wconf 89' lang='lat' dir='ltr'><strong>quibus</strong></span> <span class='ocrx_word' id='word_1_27' title='bbox 602 597 745 682; x_wconf 77' lang='lat' dir='ltr'><strong>Episcopi</strong></span> <span class='ocrx_word' id='word_1_28' title='bbox 778 598 957 664; x_wconf 88' lang='lat' dir='ltr'><strong>solemniter</strong></span> <span class='ocrx_word' id='word_1_29' title='bbox 991 598 1147 664; x_wconf 84' lang='lat' dir='ltr'><strong>celebrare</strong></span> <span class='ocrx_word' id='word_1_30' title='bbox 1178 598 1280 666; x_wconf 89' lang='lat' dir='ltr'><strong>solent</strong></span> <span class='ocrx_word' id='word_1_31' title='bbox 1298 597 1388 682; x_wconf 82' lang='lat' dir='ltr'><strong>juxta</strong></span> 
     </span>
     <span class='ocr_line' id='line_1_4' title="bbox 148 701 1060 788; baseline -0.001 -20"><span class='ocrx_word' id='word_1_32' title='bbox 148 721 216 788; x_wconf 87' lang='lat' dir='ltr'><strong>cap.</strong></span> <span class='ocrx_word' id='word_1_33' title='bbox 239 701 384 769; x_wconf 84' lang='lat' dir='ltr'>XXXIV.</span> <span class='ocrx_word' id='word_1_34' title='bbox 408 701 461 770; x_wconf 90' lang='lat' dir='ltr'><strong>lib.</strong></span> <span class='ocrx_word' id='word_1_35' title='bbox 486 701 527 768; x_wconf 91' lang='lat' dir='ltr'><strong>Il.</strong></span> <span class='ocrx_word' id='word_1_36' title='bbox 552 703 793 770; x_wconf 86' lang='lat' dir='ltr'><strong>Oeeremouialis</strong></span> <span class='ocrx_word' id='word_1_37' title='bbox 816 703 1060 788; x_wconf 80' lang='lat' dir='ltr'><strong>Episcopomml</strong></span> 
     </span>
    </p>
   </div>
   <div class='ocr_carea' id='block_1_3' title="bbox 147 823 1388 1099">
    <p class='ocr_par' dir='ltr' id='par_1_3' title="bbox 147 823 1388 1099">
     <span class='ocr_line' id='line_1_5' title="bbox 251 823 1388 910; baseline -0.002 -20"><span class='ocrx_word' id='word_1_38' title='bbox 251 823 282 890; x_wconf 85' lang='lat' dir='ltr'><strong>S.</strong></span> <span class='ocrx_word' id='word_1_39' title='bbox 308 823 525 910; x_wconf 80' lang='lat' dir='ltr'><strong>Congregatio,</strong></span> <span class='ocrx_word' id='word_1_40' title='bbox 550 823 656 891; x_wconf 88' lang='lat' dir='ltr'><strong>audito</strong></span> <span class='ocrx_word' id='word_1_41' title='bbox 680 823 776 890; x_wconf 88' lang='lat' dir='ltr'><strong>etiam</strong></span> <span class='ocrx_word' id='word_1_42' title='bbox 798 825 831 890; x_wconf 90' lang='lat' dir='ltr'><strong>ln</strong></span> <span class='ocrx_word' id='word_1_43' title='bbox 853 823 1202 910; x_wconf 87' lang='lat' dir='ltr'><strong>scriptisrotaalterius</strong></span> <span class='ocrx_word' id='word_1_44' title='bbox 1215 843 1250 889; x_wconf 87' lang='lat' dir='ltr'><strong>ex</strong></span> <span class='ocrx_word' id='word_1_45' title='bbox 1265 825 1388 908; x_wconf 88' lang='lat' dir='ltr'><strong>aposto·</strong></span> 
     </span>
     <span class='ocr_line' id='line_1_6' title="bbox 147 926 1387 1016; baseline 0.001 -23"><span class='ocrx_word' id='word_1_46' title='bbox 147 929 277 994; x_wconf 86' lang='lat' dir='ltr'><strong>licarurn</strong></span> <span class='ocrx_word' id='word_1_47' title='bbox 310 929 572 995; x_wconf 87' lang='lat' dir='ltr'><strong>caeremoniarum</strong></span> <span class='ocrx_word' id='word_1_48' title='bbox 607 929 776 1016; x_wconf 80' lang='lat' dir='ltr'>magistris,</span> <span class='ocrx_word' id='word_1_49' title='bbox 813 929 979 1016; x_wconf 87' lang='lat' dir='ltr'><strong>propositis</strong></span> <span class='ocrx_word' id='word_1_50' title='bbox 1011 929 1114 996; x_wconf 89' lang='lat' dir='ltr'><strong>dubiis</strong></span> <span class='ocrx_word' id='word_1_51' title='bbox 1157 926 1387 995; x_wconf 87' lang='lat' dir='ltr'><strong>rescribendum</strong></span> 
     </span>
     <span class='ocr_line' id='line_1_7' title="bbox 148 1033 288 1099; baseline -0.007 0"><span class='ocrx_word' id='word_1_52' title='bbox 148 1033 288 1099; x_wconf 91' lang='lat' dir='ltr'><strong>censuit:</strong></span> 
     </span>
    </p>
   </div>
   <div class='ocr_carea' id='block_1_4' title="bbox 146 1151 1389 2193">
    <p class='ocr_par' dir='ltr' id='par_1_4' title="bbox 146 1151 1389 1758">
     <span class='ocr_line' id='line_1_8' title="bbox 252 1151 1389 1240; baseline -0.003 -21"><span class='ocrx_word' id='word_1_53' title='bbox 252 1154 307 1220; x_wconf 78' lang='lat' dir='ltr'><strong>Aa</strong></span> <span class='ocrx_word' id='word_1_54' title='bbox 328 1153 357 1219; x_wconf 93' lang='grc' dir='ltr'><strong>Ι.</strong></span> <span class='ocrx_word' id='word_1_55' title='bbox 388 1152 558 1219; x_wconf 81' lang='lat' dir='ltr'><strong>Dicendum</strong></span> <span class='ocrx_word' id='word_1_56' title='bbox 592 1153 640 1219; x_wconf 90' lang='lat' dir='ltr'><strong>est</strong></span> <span class='ocrx_word' id='word_1_57' title='bbox 672 1153 853 1240; x_wconf 84' lang='lat' dir='ltr'><strong>Symbolum</strong></span> <span class='ocrx_word' id='word_1_58' title='bbox 887 1157 956 1221; x_wconf 89' lang='lat' dir='ltr'><strong>tum</strong></span> <span class='ocrx_word' id='word_1_59' title='bbox 989 1155 1021 1220; x_wconf 93' lang='lat' dir='ltr'><strong>iu</strong></span> <span class='ocrx_word' id='word_1_60' title='bbox 1055 1155 1134 1221; x_wconf 82' lang='lat' dir='ltr'><strong>festo</strong></span> <span class='ocrx_word' id='word_1_61' title='bbox 1157 1151 1266 1220; x_wconf 89' lang='lat' dir='ltr'><strong>Natali</strong></span> <span class='ocrx_word' id='word_1_62' title='bbox 1288 1153 1389 1217; x_wconf 88' lang='lat' dir='ltr'><strong>sancti</strong></span> 
     </span>
     <span class='ocr_line' id='line_1_9' title="bbox 147 1255 1389 1341; baseline 0 -18"><span class='ocrx_word' id='word_1_63' title='bbox 147 1256 288 1340; x_wconf 86' lang='lat' dir='ltr'><strong>Josephi,</strong></span> <span class='ocrx_word' id='word_1_64' title='bbox 311 1257 429 1323; x_wconf 87' lang='lat' dir='ltr'><strong>tamin</strong></span> <span class='ocrx_word' id='word_1_65' title='bbox 452 1255 511 1323; x_wconf 88' lang='lat' dir='ltr'><strong>alio</strong></span> <span class='ocrx_word' id='word_1_66' title='bbox 535 1258 632 1341; x_wconf 89' lang='lat' dir='ltr'><strong>ipsius</strong></span> <span class='ocrx_word' id='word_1_67' title='bbox 655 1257 835 1337; x_wconf 87' lang='lat' dir='ltr'><strong>Patrocinii‚</strong></span> <span class='ocrx_word' id='word_1_68' title='bbox 870 1259 967 1324; x_wconf 89' lang='lat' dir='ltr'><strong>etiam</strong></span> <span class='ocrx_word' id='word_1_69' title='bbox 1001 1259 1033 1323; x_wconf 92' lang='lat' dir='ltr'><strong>in</strong></span> <span class='ocrx_word' id='word_1_70' title='bbox 1068 1277 1143 1324; x_wconf 88' lang='lat' dir='ltr'><strong>casu</strong></span> <span class='ocrx_word' id='word_1_71' title='bbox 1176 1257 1389 1323; x_wconf 70' lang='lat' dir='ltr'><strong>translationis</strong></span> 
     </span>
     <span class='ocr_line' id='line_1_10' title="bbox 147 1361 1387 1450; baseline -0.002 -23"><span class='ocrx_word' id='word_1_72' title='bbox 147 1365 236 1428; x_wconf 82' lang='lat' dir='ltr'><strong>extra</strong></span> <span class='ocrx_word' id='word_1_73' title='bbox 258 1363 461 1429; x_wconf 87' lang='lat' dir='ltr'><strong>Dominicam.</strong></span> <span class='ocrx_word' id='word_1_74' title='bbox 506 1363 542 1428; x_wconf 89' lang='lat' dir='ltr'><strong>ln</strong></span> <span class='ocrx_word' id='word_1_75' title='bbox 575 1363 697 1428; x_wconf 85' lang='lat' dir='ltr'><strong>Missali</strong></span> <span class='ocrx_word' id='word_1_76' title='bbox 731 1382 802 1430; x_wconf 82' lang='lat' dir='ltr'><strong>sero</strong></span> <span class='ocrx_word' id='word_1_77' title='bbox 835 1364 904 1447; x_wconf 90' lang='lat' dir='ltr'><strong>post</strong></span> <span class='ocrx_word' id='word_1_78' title='bbox 937 1363 1143 1450; x_wconf 78' lang='lat' dir='ltr'><strong>Evangelium</strong></span> <span class='ocrx_word' id='word_1_79' title='bbox 1177 1361 1292 1428; x_wconf 85' lang='lat' dir='ltr'><strong>Missae</strong></span> <span class='ocrx_word' id='word_1_80' title='bbox 1322 1363 1387 1426; x_wconf 90' lang='lat' dir='ltr'><strong>tam</strong></span> 
     </span>
     <span class='ocr_line' id='line_1_11' title="bbox 146 1463 1389 1552; baseline -0.002 -21"><span class='ocrx_word' id='word_1_81' title='bbox 146 1467 233 1532; x_wconf 81' lang='lat' dir='ltr'><strong>Festi</strong></span> <span class='ocrx_word' id='word_1_82' title='bbox 255 1486 349 1550; x_wconf 91' lang='lat' dir='ltr'><strong>quam</strong></span> <span class='ocrx_word' id='word_1_83' title='bbox 372 1466 542 1532; x_wconf 87' lang='lat' dir='ltr'><strong>Patrocinii</strong></span> <span class='ocrx_word' id='word_1_84' title='bbox 564 1466 691 1546; x_wconf 82' lang='lat' dir='ltr'><strong>sufficit,</strong></span> <span class='ocrx_word' id='word_1_85' title='bbox 716 1469 752 1533; x_wconf 91' lang='lat' dir='ltr'><strong>ut</strong></span> <span class='ocrx_word' id='word_1_86' title='bbox 775 1469 907 1552; x_wconf 91' lang='lat' dir='ltr'><strong>ponatur</strong></span> <span class='ocrx_word' id='word_1_87' title='bbox 931 1468 1059 1533; x_wconf 86' lang='lat' dir='ltr'><strong>verbnm</strong></span> <span class='ocrx_word' id='word_1_88' title='bbox 1082 1467 1194 1534; x_wconf 80' lang='lat' dir='ltr'><strong>Credo.</strong></span> <span class='ocrx_word' id='word_1_89' title='bbox 1239 1463 1389 1530; x_wconf 83' lang='lat' dir='ltr'><strong>lumbri·</strong></span> 
     </span>
     <span class='ocr_line' id='line_1_12' title="bbox 147 1569 1386 1656; baseline -0.002 -20"><span class='ocrx_word' id='word_1_90' title='bbox 147 1570 192 1636; x_wconf 88' lang='lat' dir='ltr'><strong>cis</strong></span> <span class='ocrx_word' id='word_1_91' title='bbox 215 1573 319 1636; x_wconf 86' lang='lat' dir='ltr'><strong>autem</strong></span> <span class='ocrx_word' id='word_1_92' title='bbox 354 1571 552 1656; x_wconf 82' lang='lat' dir='ltr'><strong>generalibus</strong></span> <span class='ocrx_word' id='word_1_93' title='bbox 584 1575 654 1654; x_wconf 91' lang='lat' dir='ltr'><strong>past</strong></span> <span class='ocrx_word' id='word_1_94' title='bbox 687 1569 797 1639; x_wconf 79' lang='lat' dir='ltr'><strong>verba:</strong></span> <span class='ocrx_word' id='word_1_95' title='bbox 832 1572 875 1638; x_wconf 80' lang='lat' dir='ltr'><strong>In</strong></span> <span class='ocrx_word' id='word_1_96' title='bbox 893 1573 988 1654; x_wconf 79' lang='lat' dir='ltr'><strong>festis</strong></span> <span class='ocrx_word' id='word_1_97' title='bbox 1010 1571 1211 1656; x_wconf 74' lang='lat' dir='ltr'><strong>Arrpclomrm,¹</strong></span> <span class='ocrx_word' id='word_1_98' title='bbox 1237 1569 1386 1635; x_wconf 84' lang='lat' dir='ltr'><strong>addatur:</strong></span> 
     </span>
     <span class='ocr_line' id='line_1_13' title="bbox 146 1675 957 1758; baseline 0 -16"><span class='ocrx_word' id='word_1_99' title='bbox 146 1675 191 1742; x_wconf 86' lang='lat' dir='ltr'><strong>Ia</strong></span> <span class='ocrx_word' id='word_1_100' title='bbox 210 1676 302 1757; x_wconf 81' lang='lat' dir='ltr'><strong>festis</strong></span> <span class='ocrx_word' id='word_1_101' title='bbox 323 1675 356 1742; x_wconf 78' lang='lat' dir='ltr'><strong>S.</strong></span> <span class='ocrx_word' id='word_1_102' title='bbox 379 1675 513 1758; x_wconf 74' lang='lat' dir='ltr'><strong>Joeepti</strong></span> <span class='ocrx_word' id='word_1_103' title='bbox 533 1675 650 1758; x_wconf 69' lang='lat' dir='ltr'><strong>sponsi</strong></span> <span class='ocrx_word' id='word_1_104' title='bbox 671 1675 793 1743; x_wconf 81' lang='lat' dir='ltr'><strong>Bautae</strong></span> <span class='ocrx_word' id='word_1_105' title='bbox 814 1677 957 1744; x_wconf 84' lang='lat' dir='ltr'><strong>Mariae.</strong></span> 
     </span>
    </p>

    <p class='ocr_par' dir='ltr' id='par_1_5' title="bbox 148 1795 1389 2193">
     <span class='ocr_line' id='line_1_14' title="bbox 251 1795 1389 1864; baseline 0 -2"><span class='ocrx_word' id='word_1_106' title='bbox 251 1797 307 1862; x_wconf 81' lang='lat' dir='ltr'><strong>Ad</strong></span> <span class='ocrx_word' id='word_1_107' title='bbox 329 1795 379 1862; x_wconf 91' lang='lat' dir='ltr'><strong>II.</strong></span> <span class='ocrx_word' id='word_1_108' title='bbox 412 1795 480 1862; x_wconf 89' lang='lat' dir='ltr'><strong>Nec</strong></span> <span class='ocrx_word' id='word_1_109' title='bbox 512 1795 544 1861; x_wconf 90' lang='lat' dir='ltr'><strong>in</strong></span> <span class='ocrx_word' id='word_1_110' title='bbox 577 1796 696 1863; x_wconf 85' lang='lat' dir='ltr'><strong>Missali</strong></span> <span class='ocrx_word' id='word_1_111' title='bbox 727 1815 783 1864; x_wconf 86' lang='lat' dir='ltr'><strong>nee</strong></span> <span class='ocrx_word' id='word_1_112' title='bbox 816 1797 847 1864; x_wconf 91' lang='lat' dir='ltr'><strong>in</strong></span> <span class='ocrx_word' id='word_1_113' title='bbox 882 1797 1042 1864; x_wconf 82' lang='lat' dir='ltr'><strong>Breviaric</strong></span> <span class='ocrx_word' id='word_1_114' title='bbox 1075 1798 1123 1863; x_wconf 80' lang='lat' dir='ltr'><strong>nel</strong></span> <span class='ocrx_word' id='word_1_115' title='bbox 1146 1796 1179 1862; x_wconf 89' lang='lat' dir='ltr'><strong>in</strong></span> <span class='ocrx_word' id='word_1_116' title='bbox 1200 1796 1389 1862; x_wconf 90' lang='lat' dir='ltr'><strong>Kalendario</strong></span> 
     </span>
     <span class='ocr_line' id='line_1_15' title="bbox 149 1899 1389 1985; baseline 0.001 -21"><span class='ocrx_word' id='word_1_117' title='bbox 149 1900 265 1965; x_wconf 88' lang='lat' dir='ltr'><strong>eisdem</strong></span> <span class='ocrx_word' id='word_1_118' title='bbox 289 1901 422 1985; x_wconf 84' lang='lat' dir='ltr'><strong>praefixo</strong></span> <span class='ocrx_word' id='word_1_119' title='bbox 445 1899 586 1966; x_wconf 90' lang='lat' dir='ltr'><strong>addenda</strong></span> <span class='ocrx_word' id='word_1_120' title='bbox 608 1903 681 1967; x_wconf 90' lang='lat' dir='ltr'><strong>sunt</strong></span> <span class='ocrx_word' id='word_1_121' title='bbox 712 1903 820 1967; x_wconf 85' lang='lat' dir='ltr'><strong>verba:</strong></span> <span class='ocrx_word' id='word_1_122' title='bbox 851 1900 1031 1970; x_wconf 74' lang='lat' dir='ltr'><strong>Catholicae</strong></span> <span class='ocrx_word' id='word_1_123' title='bbox 1057 1901 1219 1968; x_wconf 79' lang='lat' dir='ltr'><strong>Ecclesiae</strong></span> <span class='ocrx_word' id='word_1_124' title='bbox 1246 1901 1389 1976; x_wconf 76' lang='lat' dir='ltr'><strong>Patroni,</strong></span> 
     </span>
     <span class='ocr_line' id='line_1_16' title="bbox 148 2003 1388 2090; baseline 0 -21"><span class='ocrx_word' id='word_1_125' title='bbox 148 2003 201 2069; x_wconf 87' lang='lat' dir='ltr'><strong>srd</strong></span> <span class='ocrx_word' id='word_1_126' title='bbox 225 2005 348 2069; x_wconf 88' lang='lat' dir='ltr'><strong>tantum</strong></span> <span class='ocrx_word' id='word_1_127' title='bbox 380 2005 412 2069; x_wconf 93' lang='lat' dir='ltr'><strong>in</strong></span> <span class='ocrx_word' id='word_1_128' title='bbox 447 2005 561 2071; x_wconf 88' lang='lat' dir='ltr'><strong>Ordine</strong></span> <span class='ocrx_word' id='word_1_129' title='bbox 594 2004 691 2070; x_wconf 86' lang='lat' dir='ltr'><strong>divini</strong></span> <span class='ocrx_word' id='word_1_130' title='bbox 724 2004 826 2072; x_wconf 83' lang='lat' dir='ltr'><strong>Officii</strong></span> <span class='ocrx_word' id='word_1_131' title='bbox 857 2006 1018 2088; x_wconf 85' lang='lat' dir='ltr'><strong>recitandi,</strong></span> <span class='ocrx_word' id='word_1_132' title='bbox 1043 2005 1189 2090; x_wconf 85' lang='lat' dir='ltr'><strong>Sacrique</strong></span> <span class='ocrx_word' id='word_1_133' title='bbox 1211 2004 1388 2090; x_wconf 83' lang='lat' dir='ltr'><strong>peragendi,</strong></span> 
     </span>
     <span class='ocr_line' id='line_1_17' title="bbox 148 2107 925 2193; baseline 0.005 -21"><span class='ocrx_word' id='word_1_134' title='bbox 148 2108 256 2192; x_wconf 89' lang='lat' dir='ltr'><strong>quiin</strong></span> <span class='ocrx_word' id='word_1_135' title='bbox 278 2127 369 2173; x_wconf 91' lang='lat' dir='ltr'><strong>nsum</strong></span> <span class='ocrx_word' id='word_1_136' title='bbox 392 2108 466 2172; x_wconf 89' lang='lat' dir='ltr'><strong>cleri</strong></span> <span class='ocrx_word' id='word_1_137' title='bbox 487 2109 620 2193; x_wconf 85' lang='lat' dir='ltr'><strong>siugulis</strong></span> <span class='ocrx_word' id='word_1_138' title='bbox 642 2109 731 2175; x_wconf 88' lang='lat' dir='ltr'><strong>annis</strong></span> <span class='ocrx_word' id='word_1_139' title='bbox 753 2107 925 2176; x_wconf 87' lang='lat' dir='ltr'><strong>conficitur.</strong></span> 
     </span>
    </p>
   </div>
   <div class='ocr_carea' id='block_1_5' title="bbox 149 2227 1392 3152">
    <p class='ocr_par' dir='ltr' id='par_1_6' title="bbox 149 2227 1392 3032">
     <span class='ocr_line' id='line_1_18' title="bbox 253 2227 1390 2314; baseline 0 -18"><span class='ocrx_word' id='word_1_140' title='bbox 253 2227 308 2296; x_wconf 78' lang='lat' dir='ltr'><strong>Aa</strong></span> <span class='ocrx_word' id='word_1_141' title='bbox 330 2229 400 2296; x_wconf 90' lang='grc' dir='ltr'><strong>ῙΙΙ.</strong></span> <span class='ocrx_word' id='word_1_142' title='bbox 447 2229 495 2295; x_wconf 82' lang='lat' dir='ltr'><strong>Ad</strong></span> <span class='ocrx_word' id='word_1_143' title='bbox 529 2231 661 2314; x_wconf 89' lang='lat' dir='ltr'><strong>primam</strong></span> <span class='ocrx_word' id='word_1_144' title='bbox 694 2233 726 2296; x_wconf 90' lang='lat' dir='ltr'><strong>et</strong></span> <span class='ocrx_word' id='word_1_145' title='bbox 759 2229 926 2296; x_wconf 89' lang='lat' dir='ltr'><strong>secundam</strong></span> <span class='ocrx_word' id='word_1_146' title='bbox 959 2233 1097 2314; x_wconf 88' lang='lat' dir='ltr'><strong>partem:</strong></span> <span class='ocrx_word' id='word_1_147' title='bbox 1127 2229 1162 2296; x_wconf 91' lang='lat' dir='ltr'><strong>Iu</strong></span> <span class='ocrx_word' id='word_1_148' title='bbox 1187 2229 1334 2297; x_wconf 81' lang='lat' dir='ltr'><strong>Oratione</strong></span> <span class='ocrx_word' id='word_1_149' title='bbox 1357 2229 1390 2296; x_wconf 80' lang='lat' dir='ltr'><strong><em>A</em></strong></span> 
     </span>
     <span class='ocr_line' id='line_1_19' title="bbox 149 2333 1390 2419; baseline -0.003 -19"><span class='ocrx_word' id='word_1_150' title='bbox 149 2334 270 2400; x_wconf 81' lang='lat' dir='ltr'><strong>coactis</strong></span> <span class='ocrx_word' id='word_1_151' title='bbox 291 2333 457 2417; x_wconf 85' lang='lat' dir='ltr'><strong>adjiciatur</strong></span> <span class='ocrx_word' id='word_1_152' title='bbox 478 2353 599 2419; x_wconf 89' lang='lat' dir='ltr'><strong>semper</strong></span> <span class='ocrx_word' id='word_1_153' title='bbox 620 2338 690 2419; x_wconf 87' lang='lat' dir='ltr'><strong>post</strong></span> <span class='ocrx_word' id='word_1_154' title='bbox 711 2335 937 2402; x_wconf 87' lang='lat' dir='ltr'><strong>invocationem</strong></span> <span class='ocrx_word' id='word_1_155' title='bbox 959 2337 1076 2402; x_wconf 58' lang='lat' dir='ltr'><strong>&amp;atne</strong></span> <span class='ocrx_word' id='word_1_156' title='bbox 1098 2335 1216 2400; x_wconf 88' lang='lat' dir='ltr'><strong>Mariae</strong></span> <span class='ocrx_word' id='word_1_157' title='bbox 1249 2333 1390 2418; x_wconf 79' lang='lat' dir='ltr'><strong>Virginis</strong></span> 
     </span>
     <span class='ocr_line' id='line_1_20' title="bbox 151 2439 1392 2525; baseline 0 -21"><span class='ocrx_word' id='word_1_158' title='bbox 151 2439 185 2504; x_wconf 88' lang='lat' dir='ltr'><strong>et</strong></span> <span class='ocrx_word' id='word_1_159' title='bbox 207 2441 279 2504; x_wconf 89' lang='lat' dir='ltr'><strong>ante</strong></span> <span class='ocrx_word' id='word_1_160' title='bbox 301 2457 508 2523; x_wconf 87' lang='lat' dir='ltr'><strong>quoscumque</strong></span> <span class='ocrx_word' id='word_1_161' title='bbox 541 2441 619 2506; x_wconf 91' lang='lat' dir='ltr'><strong>alios</strong></span> <span class='ocrx_word' id='word_1_162' title='bbox 654 2441 815 2520; x_wconf 76' lang='lat' dir='ltr'><strong>Patronm,</strong></span> <span class='ocrx_word' id='word_1_163' title='bbox 848 2441 983 2525; x_wconf 84' lang='lat' dir='ltr'><strong>exceptis</strong></span> <span class='ocrx_word' id='word_1_164' title='bbox 1010 2439 1140 2525; x_wconf 79' lang='lat' dir='ltr'><strong>Angelis</strong></span> <span class='ocrx_word' id='word_1_165' title='bbox 1163 2441 1195 2504; x_wconf 89' lang='lat' dir='ltr'><strong>et</strong></span> <span class='ocrx_word' id='word_1_166' title='bbox 1216 2439 1248 2506; x_wconf 83' lang='lat' dir='ltr'><strong>S.</strong></span> <span class='ocrx_word' id='word_1_167' title='bbox 1270 2439 1392 2505; x_wconf 85' lang='lat' dir='ltr'><strong>Joanne</strong></span> 
     </span>
     <span class='ocr_line' id='line_1_21' title="bbox 150 2543 1392 2631; baseline 0.001 -23"><span class='ocrx_word' id='word_1_168' title='bbox 150 2543 306 2628; x_wconf 78' lang='lat' dir='ltr'><strong>Baptista,</strong></span> <span class='ocrx_word' id='word_1_169' title='bbox 335 2544 587 2610; x_wconf 81' lang='lat' dir='ltr'><strong>commemoratio</strong></span> <span class='ocrx_word' id='word_1_170' title='bbox 623 2543 654 2612; x_wconf 89' lang='lat' dir='ltr'><strong>S.</strong></span> <span class='ocrx_word' id='word_1_171' title='bbox 688 2545 819 2630; x_wconf 85' lang='lat' dir='ltr'><strong>Josephi</strong></span> <span class='ocrx_word' id='word_1_172' title='bbox 851 2565 906 2631; x_wconf 89' lang='lat' dir='ltr'><strong>per</strong></span> <span class='ocrx_word' id='word_1_173' title='bbox 941 2545 1018 2610; x_wconf 87' lang='lat' dir='ltr'><strong>haec</strong></span> <span class='ocrx_word' id='word_1_174' title='bbox 1051 2545 1163 2609; x_wconf 85' lang='lat' dir='ltr'><strong>verba:</strong></span> <span class='ocrx_word' id='word_1_175' title='bbox 1198 2543 1277 2610; x_wconf 69' lang='lat' dir='ltr'><strong>Ocra</strong></span> <span class='ocrx_word' id='word_1_176' title='bbox 1304 2543 1392 2609; x_wconf 82' lang='lat' dir='ltr'><strong>becio</strong></span> 
     </span>
     <span class='ocr_line' id='line_1_22' title="bbox 151 2647 1392 2733; baseline -0.003 -19"><span class='ocrx_word' id='word_1_177' title='bbox 151 2648 283 2730; x_wconf 74' lang='lat' dir='ltr'><strong>Josepa.</strong></span> <span class='ocrx_word' id='word_1_178' title='bbox 327 2648 376 2713; x_wconf 86' lang='lat' dir='ltr'><strong>Ad</strong></span> <span class='ocrx_word' id='word_1_179' title='bbox 400 2648 543 2714; x_wconf 86' lang='lat' dir='ltr'><strong>tertiam:</strong></span> <span class='ocrx_word' id='word_1_180' title='bbox 565 2650 733 2716; x_wconf 86' lang='lat' dir='ltr'><strong>Decretum</strong></span> <span class='ocrx_word' id='word_1_181' title='bbox 756 2650 927 2716; x_wconf 86' lang='lat' dir='ltr'><strong>nullimode</strong></span> <span class='ocrx_word' id='word_1_182' title='bbox 949 2649 1161 2733; x_wconf 85' lang='lat' dir='ltr'><strong>apponendum</strong></span> <span class='ocrx_word' id='word_1_183' title='bbox 1185 2650 1234 2714; x_wconf 87' lang='lat' dir='ltr'><strong>est</strong></span> <span class='ocrx_word' id='word_1_184' title='bbox 1260 2649 1292 2712; x_wconf 92' lang='lat' dir='ltr'><strong>in</strong></span> <span class='ocrx_word' id='word_1_185' title='bbox 1315 2647 1392 2712; x_wconf 83' lang='lat' dir='ltr'><strong>Mis-</strong></span> 
     </span>
     <span class='ocr_line' id='line_1_23' title="bbox 149 2751 1391 2836; baseline -0.001 -20"><span class='ocrx_word' id='word_1_186' title='bbox 149 2752 220 2832; x_wconf 84' lang='lat' dir='ltr'><strong>sali,</strong></span> <span class='ocrx_word' id='word_1_187' title='bbox 244 2751 297 2817; x_wconf 89' lang='lat' dir='ltr'><strong>sed</strong></span> <span class='ocrx_word' id='word_1_188' title='bbox 319 2753 437 2817; x_wconf 82' lang='lat' dir='ltr'><strong>suffieit</strong></span> <span class='ocrx_word' id='word_1_189' title='bbox 457 2753 593 2836; x_wconf 85' lang='lat' dir='ltr'><strong>tanturn,</strong></span> <span class='ocrx_word' id='word_1_190' title='bbox 615 2756 652 2821; x_wconf 90' lang='lat' dir='ltr'><strong>nt</strong></span> <span class='ocrx_word' id='word_1_191' title='bbox 674 2754 782 2822; x_wconf 82' lang='lat' dir='ltr'><strong>Oratio</strong></span> <span class='ocrx_word' id='word_1_192' title='bbox 805 2757 836 2820; x_wconf 81' lang='lat' dir='ltr'><em>A</em></span> <span class='ocrx_word' id='word_1_193' title='bbox 859 2756 978 2822; x_wconf 68' lang='lat' dir='ltr'><strong>canate</strong></span> <span class='ocrx_word' id='word_1_194' title='bbox 999 2753 1193 2820; x_wconf 88' lang='lat' dir='ltr'><strong>describatur</strong></span> <span class='ocrx_word' id='word_1_195' title='bbox 1214 2753 1252 2816; x_wconf 92' lang='lat' dir='ltr'><strong>iis</strong></span> <span class='ocrx_word' id='word_1_196' title='bbox 1280 2751 1391 2828; x_wconf 85' lang='lat' dir='ltr'><strong>verbis,</strong></span> 
     </span>
     <span class='ocr_line' id='line_1_24' title="bbox 150 2854 1390 2944; baseline -0.001 -26"><span class='ocrx_word' id='word_1_197' title='bbox 150 2856 262 2940; x_wconf 84' lang='lat' dir='ltr'><strong>quibus</strong></span> <span class='ocrx_word' id='word_1_198' title='bbox 284 2876 378 2939; x_wconf 89' lang='lat' dir='ltr'><strong>snpra</strong></span> <span class='ocrx_word' id='word_1_199' title='bbox 399 2858 564 2922; x_wconf 84' lang='lat' dir='ltr'><strong>enunciata</strong></span> <span class='ocrx_word' id='word_1_200' title='bbox 584 2861 642 2937; x_wconf 84' lang='lat' dir='ltr'><strong>est,</strong></span> <span class='ocrx_word' id='word_1_201' title='bbox 664 2862 697 2924; x_wconf 91' lang='lat' dir='ltr'><strong>et</strong></span> <span class='ocrx_word' id='word_1_202' title='bbox 720 2861 791 2942; x_wconf 91' lang='lat' dir='ltr'><strong>post</strong></span> <span class='ocrx_word' id='word_1_203' title='bbox 813 2859 914 2944; x_wconf 87' lang='lat' dir='ltr'><strong>ipsam</strong></span> <span class='ocrx_word' id='word_1_204' title='bbox 937 2857 1103 2943; x_wconf 87' lang='lat' dir='ltr'><strong>adjiciatur</strong></span> <span class='ocrx_word' id='word_1_205' title='bbox 1114 2875 1244 2942; x_wconf 87' lang='lat' dir='ltr'><strong>sequens</strong></span> <span class='ocrx_word' id='word_1_206' title='bbox 1256 2854 1390 2930; x_wconf 86' lang='lat' dir='ltr'><strong>rubrica,</strong></span> 
     </span>
     <span class='ocr_line' id='line_1_25' title="bbox 150 2960 1392 3032; baseline -0.002 -7"><span class='ocrx_word' id='word_1_207' title='bbox 150 2960 244 3026; x_wconf 89' lang='lat' dir='ltr'><strong>rubro</strong></span> <span class='ocrx_word' id='word_1_208' title='bbox 276 2960 455 3026; x_wconf 87' lang='lat' dir='ltr'><strong>charactere</strong></span> <span class='ocrx_word' id='word_1_209' title='bbox 488 2961 653 3028; x_wconf 84' lang='lat' dir='ltr'><strong>distincta:</strong></span> <span class='ocrx_word' id='word_1_210' title='bbox 687 2964 730 3031; x_wconf 84' lang='lat' dir='ltr'><strong>Io</strong></span> <span class='ocrx_word' id='word_1_211' title='bbox 765 2963 825 3030; x_wconf 79' lang='lat' dir='ltr'><strong>laco</strong></span> <span class='ocrx_word' id='word_1_212' title='bbox 858 2963 1009 3032; x_wconf 82' lang='lat' dir='ltr'><strong>Oratione</strong></span> <span class='ocrx_word' id='word_1_213' title='bbox 1048 2963 1178 3028; x_wconf 69' lang='lat' dir='ltr'><strong>amatae</strong></span> <span class='ocrx_word' id='word_1_214' title='bbox 1210 2966 1392 3026; x_wconf 76' lang='lat' dir='ltr'><strong>caracterem</strong></span> 
     </span>
    </p>

    <p class='ocr_par' dir='ltr' id='par_1_7' title="bbox 151 3063 1341 3152">
     <span class='ocr_line' id='line_1_26' title="bbox 151 3063 1341 3152; baseline -0.001 -20"><span class='ocrx_word' id='word_1_215' title='bbox 151 3065 345 3148; x_wconf 77' lang='lat' dir='ltr'><strong>Aapctcrcm</strong></span> <span class='ocrx_word' id='word_1_216' title='bbox 366 3071 395 3130; x_wconf 86' lang='lat' dir='ltr'><strong>et</strong></span> <span class='ocrx_word' id='word_1_217' title='bbox 415 3063 450 3130; x_wconf 83' lang='lat' dir='ltr'><strong>S.</strong></span> <span class='ocrx_word' id='word_1_218' title='bbox 471 3064 612 3132; x_wconf 81' lang='lat' dir='ltr'><strong>Jocauis</strong></span> <span class='ocrx_word' id='word_1_219' title='bbox 633 3065 803 3150; x_wconf 78' lang='lat' dir='ltr'><strong>Baptistae</strong></span> <span class='ocrx_word' id='word_1_220' title='bbox 817 3074 1061 3152; x_wconf 77' lang='lat' dir='ltr'><strong>praeponuntur</strong></span> <span class='ocrx_word' id='word_1_221' title='bbox 1081 3071 1190 3134; x_wconf 84' lang='lat' dir='ltr'><strong>coacto</strong></span> <span class='ocrx_word' id='word_1_222' title='bbox 1211 3063 1341 3146; x_wconf 78' lang='lat' dir='ltr'><strong>Joaepa.</strong></span> 
     </span>
    </p>
   </div>
   <div class='ocr_carea' id='block_1_6' title="bbox 256 3186 580 3274">
    <p class='ocr_par' dir='ltr' id='par_1_8' title="bbox 256 3186 580 3274">
     <span class='ocr_line' id='line_1_27' title="bbox 256 3186 580 3274; baseline 0.006 -22"><span class='ocrx_word' id='word_1_223' title='bbox 256 3186 311 3252; x_wconf 79' lang='lat' dir='ltr'><strong>Ad</strong></span> <span class='ocrx_word' id='word_1_224' title='bbox 338 3187 358 3252; x_wconf 84' lang='grc'><em>1</em></span> <span class='ocrx_word' id='word_1_225' title='bbox 360 3187 392 3253; x_wconf 83' lang='lat' dir='ltr'><strong>V.</strong></span> <span class='ocrx_word' id='word_1_226' title='bbox 417 3187 580 3274; x_wconf 83' lang='lat' dir='ltr'><strong>Negative.</strong></span> 
     </span>
    </p>
   </div>
   <div class='ocr_carea' id='block_1_7' title="bbox 153 3305 1393 3584">
    <p class='ocr_par' dir='ltr' id='par_1_9' title="bbox 153 3305 1393 3584">
     <span class='ocr_line' id='line_1_28' title="bbox 258 3305 1393 3393; baseline -0.001 -19"><span class='ocrx_word' id='word_1_227' title='bbox 258 3309 360 3393; x_wconf 85' lang='lat' dir='ltr'><strong>Atque</strong></span> <span class='ocrx_word' id='word_1_228' title='bbox 383 3311 429 3375; x_wconf 87' lang='lat' dir='ltr'><strong>ita</strong></span> <span class='ocrx_word' id='word_1_229' title='bbox 452 3309 610 3392; x_wconf 85' lang='lat' dir='ltr'><strong>rescripsit</strong></span> <span class='ocrx_word' id='word_1_230' title='bbox 632 3311 665 3376; x_wconf 90' lang='lat' dir='ltr'><strong>et</strong></span> <span class='ocrx_word' id='word_1_231' title='bbox 686 3309 803 3376; x_wconf 82' lang='lat' dir='ltr'><strong>serrari</strong></span> <span class='ocrx_word' id='word_1_232' title='bbox 825 3310 995 3378; x_wconf 86' lang='lat' dir='ltr'><strong>mandavit.</strong></span> <span class='ocrx_word' id='word_1_233' title='bbox 1018 3311 1077 3376; x_wconf 90' lang='lat' dir='ltr'><strong>Die</strong></span> <span class='ocrx_word' id='word_1_234' title='bbox 1100 3311 1151 3375; x_wconf 71' lang='lat'><strong>2¹2.</strong></span> <span class='ocrx_word' id='word_1_235' title='bbox 1169 3305 1284 3391; x_wconf 84' lang='lat' dir='ltr'><strong>Aprilis</strong></span> <span class='ocrx_word' id='word_1_236' title='bbox 1301 3307 1393 3374; x_wconf 80' lang='lat'>1871.</span> 
     </span>
     <span class='ocr_line' id='line_1_29' title="bbox 153 3411 1392 3496; baseline -0.005 -12"><span class='ocrx_word' id='word_1_237' title='bbox 153 3412 380 3484; x_wconf 79' lang='lat' dir='ltr'><strong>Gorrstarrtiaas</strong></span> <span class='ocrx_word' id='word_1_238' title='bbox 402 3411 502 3496; x_wconf 78' lang='lat' dir='ltr'><strong>lopiac.</strong></span> <span class='ocrx_word' id='word_1_239' title='bbox 527 3411 645 3480; x_wconf 90' lang='lat' dir='ltr'><strong>Osticu.</strong></span> <span class='ocrx_word' id='word_1_240' title='bbox 668 3415 700 3480; x_wconf 84' lang='lat' dir='ltr'><strong>et</strong></span> <span class='ocrx_word' id='word_1_241' title='bbox 722 3413 872 3479; x_wconf 86' lang='lat' dir='ltr'><strong>Veliteru.</strong></span> <span class='ocrx_word' id='word_1_242' title='bbox 898 3412 989 3480; x_wconf 86' lang='lat' dir='ltr'><strong>Oard.</strong></span> <span class='ocrx_word' id='word_1_243' title='bbox 1004 3413 1128 3478; x_wconf 76' lang='lat' dir='ltr'><strong>Patriri</strong></span> <span class='ocrx_word' id='word_1_244' title='bbox 1143 3411 1173 3478; x_wconf 82' lang='lat' dir='ltr'><strong>S.</strong></span> <span class='ocrx_word' id='word_1_245' title='bbox 1190 3413 1227 3478; x_wconf 84' lang='lat' dir='ltr'><strong>R.</strong></span> <span class='ocrx_word' id='word_1_246' title='bbox 1244 3412 1279 3480; x_wconf 86' lang='lat' dir='ltr'><strong>O.</strong></span> <span class='ocrx_word' id='word_1_247' title='bbox 1292 3411 1392 3478; x_wconf 81' lang='lat' dir='ltr'><strong>Praei.</strong></span> 
     </span>
     <span class='ocr_line' id='line_1_30' title="bbox 257 3515 1329 3584; baseline 0 -2"><span class='ocrx_word' id='word_1_248' title='bbox 257 3518 291 3582; x_wconf 88' lang='lat' dir='ltr'><strong>L.</strong></span> <span class='ocrx_word' id='word_1_249' title='bbox 316 3516 347 3583; x_wconf 88' lang='lat' dir='ltr'><strong>S.</strong></span> <span class='ocrx_word' id='word_1_250' title='bbox 556 3516 744 3584; x_wconf 81' lang='lat' dir='ltr'><strong>Dominicua</strong></span> <span class='ocrx_word' id='word_1_251' title='bbox 764 3517 931 3584; x_wconf 77' lang='lat' dir='ltr'><strong>Barioliai</strong></span> <span class='ocrx_word' id='word_1_252' title='bbox 952 3515 983 3583; x_wconf 82' lang='lat' dir='ltr'><strong>S.</strong></span> <span class='ocrx_word' id='word_1_253' title='bbox 1007 3515 1044 3582; x_wconf 86' lang='lat' dir='ltr'><strong>R.</strong></span> <span class='ocrx_word' id='word_1_254' title='bbox 1069 3515 1103 3584; x_wconf 83' lang='lat' dir='ltr'><strong>O.</strong></span> <span class='ocrx_word' id='word_1_255' title='bbox 1127 3515 1329 3582; x_wconf 72' lang='lat' dir='ltr'><strong>secretarius.</strong></span> 
     </span>
    </p>
   </div>
   <div class='ocr_carea' id='block_1_8' title="bbox 277 3861 1264 3966">
    <p class='ocr_par' dir='ltr' id='par_1_10' title="bbox 277 3861 1264 3966">
     <span class='ocr_line' id='line_1_31' title="bbox 277 3861 1264 3966; baseline 0 -22"><span class='ocrx_word' id='word_1_256' title='bbox 277 3861 354 3944; x_wconf 89' lang='grc' dir='ltr'><strong>ΧΙΙΙ.</strong></span> <span class='ocrx_word' id='word_1_257' title='bbox 381 3863 566 3946; x_wconf 77' lang='lat' dir='ltr'><strong>Decretum</strong></span> <span class='ocrx_word' id='word_1_258' title='bbox 593 3861 879 3966; x_wconf 71' lang='lat' dir='ltr'><strong>concrepatione</strong></span> <span class='ocrx_word' id='word_1_259' title='bbox 907 3861 1095 3944; x_wconf 83' lang='lat' dir='ltr'><strong>Sacrorum</strong></span> <span class='ocrx_word' id='word_1_260' title='bbox 1123 3861 1264 3945; x_wconf 87' lang='lat' dir='ltr'><strong>lliluurn.</strong></span> 
     </span>
    </p>
   </div>
   <div class='ocr_carea' id='block_1_9' title="bbox 514 4001 1038 4190">
    <p class='ocr_par' dir='ltr' id='par_1_11' title="bbox 514 4001 1038 4190">
     <span class='ocr_line' id='line_1_32' title="bbox 514 4001 1038 4086; baseline 0.002 -18"><span class='ocrx_word' id='word_1_261' title='bbox 514 4001 563 4068; x_wconf 84' lang='lat' dir='ltr'><strong>De</strong></span> <span class='ocrx_word' id='word_1_262' title='bbox 584 4003 693 4069; x_wconf 80' lang='lat' dir='ltr'><strong>Missa</strong></span> <span class='ocrx_word' id='word_1_263' title='bbox 713 4005 817 4069; x_wconf 85' lang='lat' dir='ltr'><strong>votiva</strong></span> <span class='ocrx_word' id='word_1_264' title='bbox 838 4002 872 4069; x_wconf 73' lang='lat' dir='ltr'><strong>S.</strong></span> <span class='ocrx_word' id='word_1_265' title='bbox 895 4003 1038 4086; x_wconf 74' lang='lat' dir='ltr'><strong>decepit.</strong></span> 
     </span>
     <span class='ocr_line' id='line_1_33' title="bbox 660 4120 888 4190; baseline 0 -2"><span class='ocrx_word' id='word_1_266' title='bbox 660 4120 888 4190; x_wconf 82' lang='lat' dir='ltr'><strong>Ratistonen.</strong></span> 
     </span>
    </p>
   </div>
   <div class='ocr_carea' id='block_1_10' title="bbox 155 4243 1397 4750">
    <p class='ocr_par' dir='ltr' id='par_1_12' title="bbox 155 4243 1397 4750">
     <span class='ocr_line' id='line_1_34' title="bbox 259 4243 1395 4331; baseline 0 -21"><span class='ocrx_word' id='word_1_267' title='bbox 259 4245 360 4328; x_wconf 75' lang='lat' dir='ltr'><strong>Eques</strong></span> <span class='ocrx_word' id='word_1_268' title='bbox 401 4243 575 4310; x_wconf 79' lang='lat' dir='ltr'><strong>Dridericus</strong></span> <span class='ocrx_word' id='word_1_269' title='bbox 614 4245 736 4324; x_wconf 82' lang='lat' dir='ltr'><strong>Pnstet,</strong></span> <span class='ocrx_word' id='word_1_270' title='bbox 771 4245 997 4331; x_wconf 83' lang='lat' dir='ltr'><strong>Typographns</strong></span> <span class='ocrx_word' id='word_1_271' title='bbox 1030 4243 1247 4322; x_wconf 70' lang='lat' dir='ltr'><strong>malacopan,</strong></span> <span class='ocrx_word' id='word_1_272' title='bbox 1284 4263 1395 4312; x_wconf 81' lang='lat' dir='ltr'><strong>nonam</strong></span> 
     </span>
     <span class='ocr_line' id='line_1_35' title="bbox 155 4345 1396 4432; baseline 0.002 -21"><span class='ocrx_word' id='word_1_273' title='bbox 155 4345 291 4412; x_wconf 86' lang='lat' dir='ltr'><strong>Misselis</strong></span> <span class='ocrx_word' id='word_1_274' title='bbox 324 4347 454 4414; x_wconf 87' lang='lat' dir='ltr'><strong>Romani</strong></span> <span class='ocrx_word' id='word_1_275' title='bbox 488 4345 654 4414; x_wconf 88' lang='lat' dir='ltr'><strong>editionem</strong></span> <span class='ocrx_word' id='word_1_276' title='bbox 687 4367 811 4432; x_wconf 86' lang='lat' dir='ltr'><strong>parans,</strong></span> <span class='ocrx_word' id='word_1_277' title='bbox 848 4367 866 4414; x_wconf 84' lang='lat' dir='ltr'><strong>a</strong></span> <span class='ocrx_word' id='word_1_278' title='bbox 896 4348 1098 4415; x_wconf 77' lang='lat' dir='ltr'><strong>sanctissimo</strong></span> <span class='ocrx_word' id='word_1_279' title='bbox 1131 4348 1264 4414; x_wconf 88' lang='lat' dir='ltr'><strong>Domino</strong></span> <span class='ocrx_word' id='word_1_280' title='bbox 1292 4349 1396 4414; x_wconf 89' lang='lat' dir='ltr'><strong>nostro</strong></span> 
     </span>
     <span class='ocr_line' id='line_1_36' title="bbox 157 4451 1397 4536; baseline 0.002 -20"><span class='ocrx_word' id='word_1_281' title='bbox 157 4451 214 4516; x_wconf 90' lang='lat' dir='ltr'><strong>Pio</strong></span> <span class='ocrx_word' id='word_1_282' title='bbox 237 4451 322 4536; x_wconf 93' lang='lat' dir='ltr'><strong>Papa</strong></span> <span class='ocrx_word' id='word_1_283' title='bbox 343 4451 397 4517; x_wconf 90' lang='lat' dir='ltr'><strong>IX.</strong></span> <span class='ocrx_word' id='word_1_284' title='bbox 421 4451 611 4535; x_wconf 87' lang='lat' dir='ltr'><strong>supplicibus</strong></span> <span class='ocrx_word' id='word_1_285' title='bbox 632 4452 712 4518; x_wconf 82' lang='lat' dir='ltr'><strong>rotis</strong></span> <span class='ocrx_word' id='word_1_286' title='bbox 732 4452 914 4536; x_wconf 86' lang='lat' dir='ltr'><strong>postulavit,</strong></span> <span class='ocrx_word' id='word_1_287' title='bbox 937 4453 974 4518; x_wconf 92' lang='lat' dir='ltr'><strong>ut</strong></span> <span class='ocrx_word' id='word_1_288' title='bbox 995 4451 1026 4518; x_wconf 91' lang='lat' dir='ltr'><strong>in</strong></span> <span class='ocrx_word' id='word_1_289' title='bbox 1049 4451 1170 4516; x_wconf 88' lang='lat' dir='ltr'><strong>Missali</strong></span> <span class='ocrx_word' id='word_1_290' title='bbox 1194 4451 1331 4518; x_wconf 87' lang='lat' dir='ltr'><strong>Romano</strong></span> <span class='ocrx_word' id='word_1_291' title='bbox 1364 4452 1397 4518; x_wconf 90' lang='lat' dir='ltr'><strong>in</strong></span> 
     </span>
     <span class='ocr_line' id='line_1_37' title="bbox 156 4554 1395 4641; baseline 0.004 -21"><span class='ocrx_word' id='word_1_292' title='bbox 156 4555 235 4621; x_wconf 84' lang='lat' dir='ltr'><strong>testo</strong></span> <span class='ocrx_word' id='word_1_293' title='bbox 257 4555 356 4621; x_wconf 90' lang='lat' dir='ltr'><strong>saneti</strong></span> <span class='ocrx_word' id='word_1_294' title='bbox 378 4555 519 4640; x_wconf 73' lang='lat' dir='ltr'><strong>iosephi,</strong></span> <span class='ocrx_word' id='word_1_295' title='bbox 542 4555 651 4640; x_wconf 87' lang='lat' dir='ltr'><strong>Sponsi</strong></span> <span class='ocrx_word' id='word_1_296' title='bbox 674 4557 785 4624; x_wconf 86' lang='lat' dir='ltr'><strong>beatae</strong></span> <span class='ocrx_word' id='word_1_297' title='bbox 807 4559 927 4624; x_wconf 81' lang='lat' dir='ltr'><strong>Mariae</strong></span> <span class='ocrx_word' id='word_1_298' title='bbox 950 4554 1091 4641; x_wconf 83' lang='lat' dir='ltr'><strong>Virginis</strong></span> <span class='ocrx_word' id='word_1_299' title='bbox 1112 4557 1146 4622; x_wconf 94' lang='lat' dir='ltr'><strong>et</strong></span> <span class='ocrx_word' id='word_1_300' title='bbox 1175 4555 1304 4624; x_wconf 89' lang='lat' dir='ltr'><strong>Patroni</strong></span> <span class='ocrx_word' id='word_1_301' title='bbox 1333 4557 1395 4626; x_wconf 83' lang='lat' dir='ltr'><strong>llo-</strong></span> 
     </span>
     <span class='ocr_line' id='line_1_38' title="bbox 156 4660 1396 4750; baseline 0.005 -24"><span class='ocrx_word' id='word_1_302' title='bbox 156 4661 270 4728; x_wconf 88' lang='lat' dir='ltr'><strong>clcsiae</strong></span> <span class='ocrx_word' id='word_1_303' title='bbox 293 4660 484 4745; x_wconf 78' lang='lat' dir='ltr'><strong>Catholicae,</strong></span> <span class='ocrx_word' id='word_1_304' title='bbox 508 4663 619 4748; x_wconf 87' lang='lat' dir='ltr'><strong>apponi</strong></span> <span class='ocrx_word' id='word_1_305' title='bbox 642 4661 745 4730; x_wconf 85' lang='lat' dir='ltr'><strong>valeat</strong></span> <span class='ocrx_word' id='word_1_306' title='bbox 767 4681 897 4750; x_wconf 89' lang='lat' dir='ltr'><strong>sequens</strong></span> <span class='ocrx_word' id='word_1_307' title='bbox 920 4661 1076 4730; x_wconf 83' lang='lat' dir='ltr'><strong>Gradualc</strong></span> <span class='ocrx_word' id='word_1_308' title='bbox 1099 4681 1170 4730; x_wconf 89' lang='lat' dir='ltr'><strong>oum</strong></span> <span class='ocrx_word' id='word_1_309' title='bbox 1202 4662 1267 4730; x_wconf 90' lang='lat' dir='ltr'><strong>suis</strong></span> <span class='ocrx_word' id='word_1_310' title='bbox 1287 4661 1396 4732; x_wconf 80' lang='lat' dir='ltr'><strong>Versi-</strong></span> 
     </span>
    </p>
   </div>
   <div class='ocr_carea' id='block_1_11' title="bbox 0 0 1605 4910">
    <p class='ocr_par' dir='ltr' id='par_1_13' title="bbox 0 0 1605 4910">
     <span class='ocr_line' id='line_1_39' title="bbox 0 0 1605 4910; baseline 0 0"><span class='ocrx_word' id='word_1_311' title='bbox 0 0 1605 4910; x_wconf 95' lang='lat' dir='ltr'><strong> </strong></span> 
     </span>
    </p>
   </div>
  </div>
 </body>
</html>
