<?xml version="1.0" encoding="UTF-8"?>
<!DOCTYPE html PUBLIC "-//W3C//DTD XHTML 1.0 Transitional//EN"
    "http://www.w3.org/TR/xhtml1/DTD/xhtml1-transitional.dtd">
<html xmlns="http://www.w3.org/1999/xhtml" xml:lang="en" lang="en">
 <head>
  <title>
</title>
<meta http-equiv="Content-Type" content="text/html;charset=utf-8" />
  <meta name='ocr-system' content='tesseract 3.04.00' />
  <meta name='ocr-capabilities' content='ocr_page ocr_carea ocr_par ocr_line ocrx_word'/>
</head>
<body>
  <div class='ocr_page' id='page_1' title='image "./archivfrkatholi11unkngoog_0148.png"; bbox 0 0 3182 4910; ppageno 0'>
   <div class='ocr_carea' id='block_1_1' title="bbox 175 308 1414 400">
    <p class='ocr_par' dir='ltr' id='par_1_1' title="bbox 175 308 1414 400">
     <span class='ocr_line' id='line_1_1' title="bbox 175 308 1414 400; baseline -0.006 -15"><span class='ocrx_word' id='word_1_1' title='bbox 175 329 231 386; x_wconf 42' lang='lat' dir='ltr'><strong>aaaw</strong></span> <span class='ocrx_word' id='word_1_2' title='bbox 246 327 299 384; x_wconf 77' lang='lat' dir='ltr'><strong>1x.</strong></span> <span class='ocrx_word' id='word_1_3' title='bbox 318 329 364 385; x_wconf 80' lang='lat' dir='ltr'><strong>aa</strong></span> <span class='ocrx_word' id='word_1_4' title='bbox 383 329 464 384; x_wconf 75' lang='lat' dir='ltr'><strong>cm.</strong></span> <span class='ocrx_word' id='word_1_5' title='bbox 483 328 511 382; x_wconf 79' lang='lat' dir='ltr'><strong>a</strong></span> <span class='ocrx_word' id='word_1_6' title='bbox 531 327 556 382; x_wconf 81' lang='lat' dir='ltr'><strong>r.</strong></span> <span class='ocrx_word' id='word_1_7' title='bbox 575 327 641 384; x_wconf 78' lang='lat' dir='ltr'><strong>ror.</strong></span> <span class='ocrx_word' id='word_1_8' title='bbox 660 327 732 382; x_wconf 75' lang='lat' dir='ltr'><strong>rear</strong></span> <span class='ocrx_word' id='word_1_9' title='bbox 750 327 788 383; x_wconf 73' lang='lat' dir='ltr'><strong>ce</strong></span> <span class='ocrx_word' id='word_1_10' title='bbox 806 327 914 384; x_wconf 68' lang='lat' dir='ltr'><strong>azoer.</strong></span> <span class='ocrx_word' id='word_1_11' title='bbox 930 327 1011 398; x_wconf 67' lang='lat' dir='ltr'><strong>sesto</strong></span> <span class='ocrx_word' id='word_1_12' title='bbox 1030 345 1054 384; x_wconf 65' lang='lat' dir='ltr'><strong>a.</strong></span> <span class='ocrx_word' id='word_1_13' title='bbox 1075 326 1161 398; x_wconf 75' lang='lat' dir='ltr'><strong>rapa.</strong></span> <span class='ocrx_word' id='word_1_14' title='bbox 1181 328 1247 400; x_wconf 63' lang='lat' dir='ltr'><strong>asp.</strong></span> <span class='ocrx_word' id='word_1_15' title='bbox 1285 308 1414 377; x_wconf 79' lang='lat' dir='ltr'><strong>oxum</strong></span> 
     </span>
    </p>
   </div>
   <div class='ocr_carea' id='block_1_2' title="bbox 171 497 1414 1212">
    <p class='ocr_par' dir='ltr' id='par_1_2' title="bbox 172 497 1414 900">
     <span class='ocr_line' id='line_1_2' title="bbox 173 497 1414 586; baseline -0.004 -18"><span class='ocrx_word' id='word_1_16' title='bbox 173 500 239 581; x_wconf 86' lang='lat' dir='ltr'><strong>siis,</strong></span> <span class='ocrx_word' id='word_1_17' title='bbox 262 499 452 580; x_wconf 71' lang='lat' dir='ltr'><strong>academiis,</strong></span> <span class='ocrx_word' id='word_1_18' title='bbox 464 498 593 579; x_wconf 79' lang='lat' dir='ltr'><strong>Scholia,</strong></span> <span class='ocrx_word' id='word_1_19' title='bbox 611 498 767 586; x_wconf 75' lang='lat' dir='ltr'><strong>collegiis,</strong></span> <span class='ocrx_word' id='word_1_20' title='bbox 778 499 987 579; x_wconf 81' lang='lat' dir='ltr'><strong>Lectionibus,</strong></span> <span class='ocrx_word' id='word_1_21' title='bbox 1007 498 1287 585; x_wconf 88' lang='lat' dir='ltr'><strong>Disputationibns,</strong></span> <span class='ocrx_word' id='word_1_22' title='bbox 1312 497 1414 564; x_wconf 79' lang='lat' dir='ltr'><strong>Intar-</strong></span> 
     </span>
     <span class='ocr_line' id='line_1_3' title="bbox 173 601 1414 690; baseline -0.004 -20"><span class='ocrx_word' id='word_1_23' title='bbox 173 603 409 690; x_wconf 85' lang='lat' dir='ltr'><strong>pretationibus,</strong></span> <span class='ocrx_word' id='word_1_24' title='bbox 434 603 647 684; x_wconf 85' lang='lat' dir='ltr'><strong>Concionibus,</strong></span> <span class='ocrx_word' id='word_1_25' title='bbox 660 603 868 684; x_wconf 87' lang='lat' dir='ltr'><strong>Sermonibns,</strong></span> <span class='ocrx_word' id='word_1_26' title='bbox 892 605 1093 688; x_wconf 88' lang='lat' dir='ltr'><strong>omnibusque</strong></span> <span class='ocrx_word' id='word_1_27' title='bbox 1105 603 1176 668; x_wconf 87' lang='lat' dir='ltr'><strong>aliis</strong></span> <span class='ocrx_word' id='word_1_28' title='bbox 1186 601 1414 668; x_wconf 82' lang='lat' dir='ltr'><strong>Ecclesiasticis</strong></span> 
     </span>
     <span class='ocr_line' id='line_1_4' title="bbox 173 705 1412 793; baseline -0.002 -18"><span class='ocrx_word' id='word_1_29' title='bbox 173 709 296 790; x_wconf 89' lang='lat' dir='ltr'><strong>studiis,</strong></span> <span class='ocrx_word' id='word_1_30' title='bbox 319 707 556 793; x_wconf 80' lang='lat' dir='ltr'><strong>christianisque</strong></span> <span class='ocrx_word' id='word_1_31' title='bbox 584 707 872 788; x_wconf 73' lang='lat' dir='ltr'><strong>exercitationibus,</strong></span> <span class='ocrx_word' id='word_1_32' title='bbox 896 705 1004 788; x_wconf 83' lang='lat' dir='ltr'><strong>citari,</strong></span> <span class='ocrx_word' id='word_1_33' title='bbox 1027 707 1174 792; x_wconf 88' lang='lat' dir='ltr'><strong>proferri,</strong></span> <span class='ocrx_word' id='word_1_34' title='bbox 1198 708 1308 791; x_wconf 89' lang='lat' dir='ltr'><strong>atquo,</strong></span> <span class='ocrx_word' id='word_1_35' title='bbox 1343 725 1412 772; x_wconf 91' lang='lat' dir='ltr'><strong>cum</strong></span> 
     </span>
     <span class='ocr_line' id='line_1_5' title="bbox 172 810 1079 900; baseline -0.003 -19"><span class='ocrx_word' id='word_1_36' title='bbox 172 835 223 881; x_wconf 91' lang='lat' dir='ltr'><strong>res</strong></span> <span class='ocrx_word' id='word_1_37' title='bbox 248 814 470 900; x_wconf 83' lang='lat' dir='ltr'><strong>postulaverit,</strong></span> <span class='ocrx_word' id='word_1_38' title='bbox 494 810 635 878; x_wconf 84' lang='lat' dir='ltr'><strong>adhiberi</strong></span> <span class='ocrx_word' id='word_1_39' title='bbox 657 812 797 878; x_wconf 89' lang='lat' dir='ltr'><strong>volumus</strong></span> <span class='ocrx_word' id='word_1_40' title='bbox 820 813 852 879; x_wconf 88' lang='lat' dir='ltr'><strong>ot</strong></span> <span class='ocrx_word' id='word_1_41' title='bbox 875 810 1079 878; x_wconf 91' lang='lat' dir='ltr'><strong>decernimus.</strong></span> 
     </span>
    </p>

    <p class='ocr_par' dir='ltr' id='par_1_3' title="bbox 171 913 1412 1212">
     <span class='ocr_line' id='line_1_6' title="bbox 276 913 1412 1000; baseline -0.004 -18"><span class='ocrx_word' id='word_1_42' title='bbox 276 917 414 983; x_wconf 79' lang='lat' dir='ltr'><strong>Tandem</strong></span> <span class='ocrx_word' id='word_1_43' title='bbox 437 916 474 983; x_wconf 91' lang='lat' dir='ltr'><strong>nt</strong></span> <span class='ocrx_word' id='word_1_44' title='bbox 497 915 755 984; x_wconf 68' lang='lat' dir='ltr'><strong>christifidelium</strong></span> <span class='ocrx_word' id='word_1_45' title='bbox 775 915 877 1000; x_wconf 88' lang='lat' dir='ltr'><strong>pietas</strong></span> <span class='ocrx_word' id='word_1_46' title='bbox 892 915 932 980; x_wconf 87' lang='lat' dir='ltr'><strong>ad</strong></span> <span class='ocrx_word' id='word_1_47' title='bbox 945 913 1286 1000; x_wconf 85' lang='lat' dir='ltr'><strong>hujnsDoctorisdiom</strong></span> <span class='ocrx_word' id='word_1_48' title='bbox 1298 913 1412 978; x_wconf 84' lang='lat' dir='ltr'><strong>festum</strong></span> 
     </span>
     <span class='ocr_line' id='line_1_7' title="bbox 171 1015 1412 1105; baseline -0.005 -17"><span class='ocrx_word' id='word_1_49' title='bbox 171 1023 232 1088; x_wconf 89' lang='lat' dir='ltr'><strong>rite</strong></span> <span class='ocrx_word' id='word_1_50' title='bbox 255 1021 426 1103; x_wconf 91' lang='lat' dir='ltr'><strong>colendum,</strong></span> <span class='ocrx_word' id='word_1_51' title='bbox 450 1021 576 1105; x_wconf 86' lang='lat' dir='ltr'><strong>ejusque</strong></span> <span class='ocrx_word' id='word_1_52' title='bbox 598 1039 686 1104; x_wconf 93' lang='lat' dir='ltr'><strong>opem</strong></span> <span class='ocrx_word' id='word_1_53' title='bbox 709 1021 759 1105; x_wconf 88' lang='lat' dir='ltr'><strong>pio</strong></span> <span class='ocrx_word' id='word_1_54' title='bbox 783 1020 1006 1105; x_wconf 82' lang='lat' dir='ltr'><strong>implorandam</strong></span> <span class='ocrx_word' id='word_1_55' title='bbox 1030 1019 1131 1104; x_wconf 82' lang='lat' dir='ltr'><strong>magis</strong></span> <span class='ocrx_word' id='word_1_56' title='bbox 1154 1017 1351 1095; x_wconf 76' lang='lat' dir='ltr'><strong>accendatur,</strong></span> <span class='ocrx_word' id='word_1_57' title='bbox 1374 1015 1412 1082; x_wconf 90' lang='lat' dir='ltr'><strong>do</strong></span> 
     </span>
     <span class='ocr_line' id='line_1_8' title="bbox 173 1119 1412 1212; baseline -0.007 -19"><span class='ocrx_word' id='word_1_58' title='bbox 173 1126 401 1212; x_wconf 77' lang='lat' dir='ltr'><strong>omnipotentis</strong></span> <span class='ocrx_word' id='word_1_59' title='bbox 422 1127 482 1192; x_wconf 88' lang='lat' dir='ltr'><strong>Dei</strong></span> <span class='ocrx_word' id='word_1_60' title='bbox 503 1125 724 1205; x_wconf 86' lang='lat' dir='ltr'><strong>misericordia,</strong></span> <span class='ocrx_word' id='word_1_61' title='bbox 747 1143 783 1191; x_wconf 86' lang='lat' dir='ltr'><strong>ao</strong></span> <span class='ocrx_word' id='word_1_62' title='bbox 806 1125 869 1192; x_wconf 89' lang='grc' dir='ltr'><strong>ΒΒ.</strong></span> <span class='ocrx_word' id='word_1_63' title='bbox 892 1125 979 1192; x_wconf 90' lang='lat' dir='ltr'><strong>Petri</strong></span> <span class='ocrx_word' id='word_1_64' title='bbox 1012 1125 1046 1191; x_wconf 89' lang='lat' dir='ltr'><strong>et</strong></span> <span class='ocrx_word' id='word_1_65' title='bbox 1072 1123 1165 1189; x_wconf 88' lang='lat' dir='ltr'><strong>Pauli</strong></span> <span class='ocrx_word' id='word_1_66' title='bbox 1194 1119 1412 1208; x_wconf 85' lang='lat' dir='ltr'><strong>Apostolorum</strong></span> 
     </span>
    </p>
   </div>
   <div class='ocr_carea' id='block_1_3' title="bbox 171 1223 1414 1628">
    <p class='ocr_par' dir='ltr' id='par_1_4' title="bbox 171 1223 1414 1628">
     <span class='ocr_line' id='line_1_9' title="bbox 177 1223 1414 1316; baseline -0.006 -19"><span class='ocrx_word' id='word_1_67' title='bbox 177 1232 244 1316; x_wconf 86' lang='lat' dir='ltr'><strong>ejus</strong></span> <span class='ocrx_word' id='word_1_68' title='bbox 267 1231 451 1298; x_wconf 88' lang='lat' dir='ltr'><strong>anctoritate</strong></span> <span class='ocrx_word' id='word_1_69' title='bbox 474 1229 587 1310; x_wconf 85' lang='lat' dir='ltr'><strong>confisi,</strong></span> <span class='ocrx_word' id='word_1_70' title='bbox 612 1229 753 1296; x_wconf 90' lang='lat' dir='ltr'><strong>omnibus</strong></span> <span class='ocrx_word' id='word_1_71' title='bbox 777 1232 809 1296; x_wconf 91' lang='lat' dir='ltr'><strong>et</strong></span> <span class='ocrx_word' id='word_1_72' title='bbox 830 1231 962 1316; x_wconf 84' lang='lat' dir='ltr'><strong>siugulis</strong></span> <span class='ocrx_word' id='word_1_73' title='bbox 982 1229 1145 1313; x_wconf 89' lang='lat' dir='ltr'><strong>utriusque</strong></span> <span class='ocrx_word' id='word_1_74' title='bbox 1168 1247 1257 1293; x_wconf 85' lang='lat' dir='ltr'><strong>sexus</strong></span> <span class='ocrx_word' id='word_1_75' title='bbox 1281 1223 1414 1293; x_wconf 83' lang='lat' dir='ltr'><strong>Christi·</strong></span> 
     </span>
     <span class='ocr_line' id='line_1_10' title="bbox 171 1331 1411 1420; baseline -0.006 -19"><span class='ocrx_word' id='word_1_76' title='bbox 171 1335 326 1415; x_wconf 87' lang='lat' dir='ltr'><strong>fidelibus,</strong></span> <span class='ocrx_word' id='word_1_77' title='bbox 349 1336 403 1420; x_wconf 85' lang='lat' dir='ltr'><strong>qui</strong></span> <span class='ocrx_word' id='word_1_78' title='bbox 425 1333 474 1400; x_wconf 92' lang='lat' dir='ltr'><strong>die</strong></span> <span class='ocrx_word' id='word_1_79' title='bbox 497 1333 577 1401; x_wconf 86' lang='lat' dir='ltr'><strong>festo</strong></span> <span class='ocrx_word' id='word_1_80' title='bbox 600 1335 737 1419; x_wconf 86' lang='lat' dir='ltr'><strong>ejusdem</strong></span> <span class='ocrx_word' id='word_1_81' title='bbox 761 1335 914 1415; x_wconf 82' lang='lat' dir='ltr'><strong>Doctoris,</strong></span> <span class='ocrx_word' id='word_1_82' title='bbox 946 1335 1001 1400; x_wconf 90' lang='lat' dir='ltr'><strong>aut</strong></span> <span class='ocrx_word' id='word_1_83' title='bbox 1022 1351 1082 1399; x_wconf 91' lang='lat' dir='ltr'><strong>nno</strong></span> <span class='ocrx_word' id='word_1_84' title='bbox 1104 1353 1140 1399; x_wconf 87' lang='lat' dir='ltr'><strong>er</strong></span> <span class='ocrx_word' id='word_1_85' title='bbox 1162 1333 1280 1417; x_wconf 84' lang='lat' dir='ltr'><strong>septem</strong></span> <span class='ocrx_word' id='word_1_86' title='bbox 1303 1331 1411 1396; x_wconf 90' lang='lat' dir='ltr'><strong>diebus</strong></span> 
     </span>
     <span class='ocr_line' id='line_1_11' title="bbox 171 1433 1411 1524; baseline -0.005 -19"><span class='ocrx_word' id='word_1_87' title='bbox 171 1439 324 1507; x_wconf 88' lang='lat' dir='ltr'><strong>continuis</strong></span> <span class='ocrx_word' id='word_1_88' title='bbox 360 1437 541 1505; x_wconf 82' lang='lat' dir='ltr'><strong>immediate</strong></span> <span class='ocrx_word' id='word_1_89' title='bbox 582 1437 856 1523; x_wconf 87' lang='lat' dir='ltr'><strong>subsequentibus,</strong></span> <span class='ocrx_word' id='word_1_90' title='bbox 900 1440 1140 1524; x_wconf 86' lang='lat' dir='ltr'><strong>uniuscujusque</strong></span> <span class='ocrx_word' id='word_1_91' title='bbox 1190 1433 1411 1504; x_wconf 73' lang='lat' dir='ltr'><strong>christifidelis</strong></span> 
     </span>
     <span class='ocr_line' id='line_1_12' title="bbox 171 1541 1412 1628; baseline -0.004 -19"><span class='ocrx_word' id='word_1_92' title='bbox 171 1544 301 1610; x_wconf 89' lang='lat' dir='ltr'><strong>arbitrio</strong></span> <span class='ocrx_word' id='word_1_93' title='bbox 327 1543 387 1610; x_wconf 88' lang='lat' dir='ltr'><strong>sibi</strong></span> <span class='ocrx_word' id='word_1_94' title='bbox 420 1541 583 1628; x_wconf 86' lang='lat' dir='ltr'><strong>deligendo</strong></span> <span class='ocrx_word' id='word_1_95' title='bbox 614 1563 685 1610; x_wconf 89' lang='lat' dir='ltr'><strong>vere</strong></span> <span class='ocrx_word' id='word_1_96' title='bbox 714 1545 906 1627; x_wconf 87' lang='lat' dir='ltr'><strong>poenitentes</strong></span> <span class='ocrx_word' id='word_1_97' title='bbox 929 1546 961 1610; x_wconf 87' lang='lat' dir='ltr'><strong>ct</strong></span> <span class='ocrx_word' id='word_1_98' title='bbox 983 1543 1202 1610; x_wconf 83' lang='lat' dir='ltr'><strong>sacramentali</strong></span> <span class='ocrx_word' id='word_1_99' title='bbox 1225 1541 1412 1608; x_wconf 76' lang='lat' dir='ltr'><strong>confessione</strong></span> 
     </span>
    </p>
   </div>
   <div class='ocr_carea' id='block_1_4' title="bbox 170 1646 1519 1733">
    <p class='ocr_par' dir='ltr' id='par_1_5' title="bbox 170 1646 1519 1733">
     <span class='ocr_line' id='line_1_13' title="bbox 170 1646 1519 1733; baseline -0.001 -22"><span class='ocrx_word' id='word_1_100' title='bbox 170 1649 348 1732; x_wconf 88' lang='lat' dir='ltr'><strong>praemissa,</strong></span> <span class='ocrx_word' id='word_1_101' title='bbox 379 1647 613 1714; x_wconf 81' lang='lat' dir='ltr'><strong>Sanctissimam</strong></span> <span class='ocrx_word' id='word_1_102' title='bbox 643 1647 870 1714; x_wconf 80' lang='lat' dir='ltr'><strong>Eucharistiam</strong></span> <span class='ocrx_word' id='word_1_103' title='bbox 894 1649 1092 1733; x_wconf 90' lang='lat' dir='ltr'><strong>sumpserint,</strong></span> <span class='ocrx_word' id='word_1_104' title='bbox 1116 1651 1149 1714; x_wconf 92' lang='lat' dir='ltr'><strong>ot</strong></span> <span class='ocrx_word' id='word_1_105' title='bbox 1182 1646 1354 1733; x_wconf 88' lang='lat' dir='ltr'><strong>quamlibet</strong></span> <span class='ocrx_word' id='word_1_106' title='bbox 1377 1665 1413 1710; x_wconf 84' lang='lat' dir='ltr'><strong>er</strong></span> <span class='ocrx_word' id='word_1_107' title='bbox 1516 1680 1519 1688; x_wconf 22' lang='grc' dir='ltr'>λ</span> 
     </span>
    </p>
   </div>
   <div class='ocr_carea' id='block_1_5' title="bbox 167 1749 1492 4650">
    <p class='ocr_par' dir='ltr' id='par_1_6' title="bbox 169 1749 1413 2566">
     <span class='ocr_line' id='line_1_14' title="bbox 170 1749 1411 1838; baseline -0.002 -21"><span class='ocrx_word' id='word_1_108' title='bbox 170 1751 318 1818; x_wconf 84' lang='lat' dir='ltr'><strong>lloclesiis</strong></span> <span class='ocrx_word' id='word_1_109' title='bbox 342 1752 598 1838; x_wconf 77' lang='lat' dir='ltr'><strong>Congregationis</strong></span> <span class='ocrx_word' id='word_1_110' title='bbox 621 1751 817 1819; x_wconf 86' lang='lat' dir='ltr'><strong>Sanctissimi</strong></span> <span class='ocrx_word' id='word_1_111' title='bbox 838 1753 1052 1838; x_wconf 84' lang='lat' dir='ltr'><strong>Redemptoris</strong></span> <span class='ocrx_word' id='word_1_112' title='bbox 1076 1752 1184 1819; x_wconf 90' lang='lat' dir='ltr'><strong>devote</strong></span> <span class='ocrx_word' id='word_1_113' title='bbox 1208 1749 1411 1828; x_wconf 82' lang='lat' dir='ltr'><strong>visitaverint,</strong></span> 
     </span>
     <span class='ocr_line' id='line_1_15' title="bbox 169 1855 1411 1941; baseline -0.001 -22"><span class='ocrx_word' id='word_1_114' title='bbox 169 1855 275 1939; x_wconf 90' lang='lat' dir='ltr'><strong>ibique</strong></span> <span class='ocrx_word' id='word_1_115' title='bbox 298 1875 353 1940; x_wconf 89' lang='lat' dir='ltr'><strong>pro</strong></span> <span class='ocrx_word' id='word_1_116' title='bbox 366 1855 611 1922; x_wconf 82' lang='lat' dir='ltr'><strong>Christianorum</strong></span> <span class='ocrx_word' id='word_1_117' title='bbox 626 1857 804 1941; x_wconf 88' lang='lat' dir='ltr'><strong>Principum</strong></span> <span class='ocrx_word' id='word_1_118' title='bbox 829 1856 999 1940; x_wconf 90' lang='lat' dir='ltr'><strong>concordia,</strong></span> <span class='ocrx_word' id='word_1_119' title='bbox 1012 1855 1185 1923; x_wconf 88' lang='lat' dir='ltr'><strong>haeresium</strong></span> <span class='ocrx_word' id='word_1_120' title='bbox 1199 1855 1411 1938; x_wconf 84' lang='lat' dir='ltr'><strong>extirpatione,</strong></span> 
     </span>
     <span class='ocr_line' id='line_1_16' title="bbox 171 1957 1413 2046; baseline -0.001 -22"><span class='ocrx_word' id='word_1_121' title='bbox 171 1979 208 2024; x_wconf 90' lang='lat' dir='ltr'><strong>ac</strong></span> <span class='ocrx_word' id='word_1_122' title='bbox 231 1957 363 2026; x_wconf 88' lang='lat' dir='ltr'><strong>Sanctae</strong></span> <span class='ocrx_word' id='word_1_123' title='bbox 385 1959 498 2026; x_wconf 86' lang='lat' dir='ltr'><strong>Matris</strong></span> <span class='ocrx_word' id='word_1_124' title='bbox 521 1959 677 2028; x_wconf 76' lang='lat' dir='ltr'><strong>Ecclesiae</strong></span> <span class='ocrx_word' id='word_1_125' title='bbox 698 1961 885 2028; x_wconf 85' lang='lat' dir='ltr'><strong>exaltatione</strong></span> <span class='ocrx_word' id='word_1_126' title='bbox 918 1962 984 2046; x_wconf 89' lang='lat' dir='ltr'><strong>pias</strong></span> <span class='ocrx_word' id='word_1_127' title='bbox 1010 1960 1050 2028; x_wconf 90' lang='lat' dir='ltr'><strong>ad</strong></span> <span class='ocrx_word' id='word_1_128' title='bbox 1079 1963 1179 2026; x_wconf 90' lang='lat' dir='ltr'><strong>Deum</strong></span> <span class='ocrx_word' id='word_1_129' title='bbox 1203 1977 1307 2044; x_wconf 87' lang='lat' dir='ltr'><strong>procos</strong></span> <span class='ocrx_word' id='word_1_130' title='bbox 1337 1957 1413 2024; x_wconf 83' lang='lat' dir='ltr'><strong>effn-</strong></span> 
     </span>
     <span class='ocr_line' id='line_1_17' title="bbox 171 2063 1412 2150; baseline -0.001 -22"><span class='ocrx_word' id='word_1_131' title='bbox 171 2063 284 2144; x_wconf 89' lang='lat' dir='ltr'><strong>derint,</strong></span> <span class='ocrx_word' id='word_1_132' title='bbox 308 2083 367 2148; x_wconf 89' lang='lat' dir='ltr'><strong>quo</strong></span> <span class='ocrx_word' id='word_1_133' title='bbox 390 2064 440 2130; x_wconf 91' lang='lat' dir='ltr'><strong>die</strong></span> <span class='ocrx_word' id='word_1_134' title='bbox 461 2063 688 2148; x_wconf 88' lang='lat' dir='ltr'><strong>praedictorum</strong></span> <span class='ocrx_word' id='word_1_135' title='bbox 711 2063 744 2130; x_wconf 93' lang='lat' dir='ltr'><strong>id</strong></span> <span class='ocrx_word' id='word_1_136' title='bbox 765 2067 896 2150; x_wconf 86' lang='lat' dir='ltr'><strong>egerint,</strong></span> <span class='ocrx_word' id='word_1_137' title='bbox 926 2065 1105 2132; x_wconf 88' lang='lat' dir='ltr'><strong>Plenariam</strong></span> <span class='ocrx_word' id='word_1_138' title='bbox 1137 2067 1273 2131; x_wconf 90' lang='lat' dir='ltr'><strong>omnium</strong></span> <span class='ocrx_word' id='word_1_139' title='bbox 1304 2081 1412 2148; x_wconf 89' lang='lat' dir='ltr'><strong>pecca-</strong></span> 
     </span>
     <span class='ocr_line' id='line_1_18' title="bbox 171 2167 1412 2254; baseline -0.002 -20"><span class='ocrx_word' id='word_1_140' title='bbox 171 2170 275 2235; x_wconf 92' lang='lat' dir='ltr'><strong>torum</strong></span> <span class='ocrx_word' id='word_1_141' title='bbox 304 2187 429 2234; x_wconf 89' lang='lat' dir='ltr'><strong>suornm</strong></span> <span class='ocrx_word' id='word_1_142' title='bbox 457 2169 689 2254; x_wconf 85' lang='lat' dir='ltr'><strong>indulgentiam</strong></span> <span class='ocrx_word' id='word_1_143' title='bbox 719 2174 751 2236; x_wconf 90' lang='lat' dir='ltr'><strong>ot</strong></span> <span class='ocrx_word' id='word_1_144' title='bbox 772 2171 992 2250; x_wconf 87' lang='lat' dir='ltr'><strong>remissionom,</strong></span> <span class='ocrx_word' id='word_1_145' title='bbox 1031 2188 1109 2253; x_wconf 90' lang='lat' dir='ltr'><strong>quae</strong></span> <span class='ocrx_word' id='word_1_146' title='bbox 1132 2170 1227 2235; x_wconf 89' lang='lat' dir='ltr'><strong>etiarn</strong></span> <span class='ocrx_word' id='word_1_147' title='bbox 1250 2167 1412 2234; x_wconf 86' lang='lat' dir='ltr'><strong>animabus</strong></span> 
     </span>
     <span class='ocr_line' id='line_1_19' title="bbox 171 2273 1412 2359; baseline -0.002 -20"><span class='ocrx_word' id='word_1_148' title='bbox 171 2273 444 2354; x_wconf 71' lang='lat' dir='ltr'><strong>christifidelium,</strong></span> <span class='ocrx_word' id='word_1_149' title='bbox 491 2293 570 2358; x_wconf 88' lang='lat' dir='ltr'><strong>qnae</strong></span> <span class='ocrx_word' id='word_1_150' title='bbox 610 2274 676 2340; x_wconf 89' lang='lat' dir='ltr'><strong>Deo</strong></span> <span class='ocrx_word' id='word_1_151' title='bbox 715 2275 748 2339; x_wconf 92' lang='lat' dir='ltr'><strong>in</strong></span> <span class='ocrx_word' id='word_1_152' title='bbox 782 2275 935 2341; x_wconf 88' lang='lat' dir='ltr'><strong>charitato</strong></span> <span class='ocrx_word' id='word_1_153' title='bbox 969 2275 1151 2359; x_wconf 85' lang='lat' dir='ltr'><strong>conjunctae</strong></span> <span class='ocrx_word' id='word_1_154' title='bbox 1183 2273 1222 2338; x_wconf 89' lang='lat' dir='ltr'><strong>ab</strong></span> <span class='ocrx_word' id='word_1_155' title='bbox 1257 2273 1316 2338; x_wconf 86' lang='lat' dir='ltr'><strong>bae</strong></span> <span class='ocrx_word' id='word_1_156' title='bbox 1342 2273 1412 2337; x_wconf 88' lang='lat' dir='ltr'><strong>luco</strong></span> 
     </span>
     <span class='ocr_line' id='line_1_20' title="bbox 169 2375 1412 2463; baseline -0.001 -21"><span class='ocrx_word' id='word_1_157' title='bbox 169 2377 384 2462; x_wconf 86' lang='lat' dir='ltr'><strong>migraverint,</strong></span> <span class='ocrx_word' id='word_1_158' title='bbox 407 2396 463 2461; x_wconf 92' lang='lat' dir='ltr'><strong>per</strong></span> <span class='ocrx_word' id='word_1_159' title='bbox 487 2377 612 2443; x_wconf 91' lang='lat' dir='ltr'><strong>modum</strong></span> <span class='ocrx_word' id='word_1_160' title='bbox 634 2375 774 2462; x_wconf 85' lang='lat' dir='ltr'><strong>suffragii</strong></span> <span class='ocrx_word' id='word_1_161' title='bbox 798 2379 947 2463; x_wconf 85' lang='lat' dir='ltr'><strong>applicari</strong></span> <span class='ocrx_word' id='word_1_162' title='bbox 970 2378 1094 2462; x_wconf 86' lang='lat' dir='ltr'><strong>poterit,</strong></span> <span class='ocrx_word' id='word_1_163' title='bbox 1118 2377 1357 2444; x_wconf 87' lang='lat' dir='ltr'><strong>misericorditer</strong></span> <span class='ocrx_word' id='word_1_164' title='bbox 1378 2375 1412 2441; x_wconf 89' lang='lat' dir='ltr'><strong>in</strong></span> 
     </span>
     <span class='ocr_line' id='line_1_21' title="bbox 170 2481 791 2566; baseline -0.003 -17"><span class='ocrx_word' id='word_1_165' title='bbox 170 2482 303 2549; x_wconf 88' lang='lat' dir='ltr'><strong>Domino</strong></span> <span class='ocrx_word' id='word_1_166' title='bbox 323 2481 357 2546; x_wconf 88' lang='lat' dir='ltr'><strong>in</strong></span> <span class='ocrx_word' id='word_1_167' title='bbox 379 2483 562 2566; x_wconf 88' lang='lat' dir='ltr'><strong>perpetuum</strong></span> <span class='ocrx_word' id='word_1_168' title='bbox 586 2481 791 2548; x_wconf 88' lang='lat' dir='ltr'><strong>concedimus.</strong></span> 
     </span>
    </p>

    <p class='ocr_par' dir='ltr' id='par_1_7' title="bbox 167 2582 1492 4129">
     <span class='ocr_line' id='line_1_22' title="bbox 274 2582 1411 2668; baseline 0 -18"><span class='ocrx_word' id='word_1_169' title='bbox 274 2584 425 2667; x_wconf 82' lang='lat' dir='ltr'><strong>Quocirca</strong></span> <span class='ocrx_word' id='word_1_170' title='bbox 447 2585 598 2651; x_wconf 89' lang='lat' dir='ltr'><strong>universis</strong></span> <span class='ocrx_word' id='word_1_171' title='bbox 627 2582 695 2650; x_wconf 81' lang='lat' dir='ltr'><strong>vv.</strong></span> <span class='ocrx_word' id='word_1_172' title='bbox 719 2585 777 2651; x_wconf 76' lang='lat' dir='ltr'><strong>lu.</strong></span> <span class='ocrx_word' id='word_1_173' title='bbox 813 2585 1014 2668; x_wconf 86' lang='lat' dir='ltr'><strong>Patriarcbis,</strong></span> <span class='ocrx_word' id='word_1_174' title='bbox 1049 2584 1251 2666; x_wconf 88' lang='lat' dir='ltr'><strong>Primatibns,</strong></span> <span class='ocrx_word' id='word_1_175' title='bbox 1283 2583 1411 2650; x_wconf 82' lang='lat' dir='ltr'><strong>Archia·</strong></span> 
     </span>
     <span class='ocr_line' id='line_1_23' title="bbox 169 2688 1411 2776; baseline -0.001 -21"><span class='ocrx_word' id='word_1_176' title='bbox 169 2691 317 2776; x_wconf 90' lang='lat' dir='ltr'><strong>piscopis,</strong></span> <span class='ocrx_word' id='word_1_177' title='bbox 341 2689 500 2774; x_wconf 81' lang='lat' dir='ltr'><strong>ltpisoopis</strong></span> <span class='ocrx_word' id='word_1_178' title='bbox 522 2690 554 2754; x_wconf 93' lang='lat' dir='ltr'><strong>et</strong></span> <span class='ocrx_word' id='word_1_179' title='bbox 576 2688 708 2754; x_wconf 88' lang='lat' dir='ltr'><strong>Dilectis</strong></span> <span class='ocrx_word' id='word_1_180' title='bbox 736 2689 825 2755; x_wconf 77' lang='lat' dir='ltr'><strong>liliis</strong></span> <span class='ocrx_word' id='word_1_181' title='bbox 854 2689 986 2755; x_wconf 87' lang='lat' dir='ltr'><strong>aliarum</strong></span> <span class='ocrx_word' id='word_1_182' title='bbox 1016 2691 1223 2756; x_wconf 77' lang='lat' dir='ltr'><strong>Ecclesiamm</strong></span> <span class='ocrx_word' id='word_1_183' title='bbox 1259 2689 1411 2755; x_wconf 87' lang='lat' dir='ltr'><strong>Praelatis</strong></span> 
     </span>
     <span class='ocr_line' id='line_1_24' title="bbox 168 2793 1410 2879; baseline -0.002 -19"><span class='ocrx_word' id='word_1_184' title='bbox 168 2815 224 2878; x_wconf 91' lang='lat' dir='ltr'><strong>per</strong></span> <span class='ocrx_word' id='word_1_185' title='bbox 259 2796 437 2860; x_wconf 90' lang='lat' dir='ltr'><strong>universnm</strong></span> <span class='ocrx_word' id='word_1_186' title='bbox 469 2795 622 2859; x_wconf 89' lang='lat' dir='ltr'><strong>terrarum</strong></span> <span class='ocrx_word' id='word_1_187' title='bbox 656 2793 768 2859; x_wconf 88' lang='lat' dir='ltr'><strong>Orbem</strong></span> <span class='ocrx_word' id='word_1_188' title='bbox 803 2795 982 2861; x_wconf 90' lang='lat' dir='ltr'><strong>constitutis</strong></span> <span class='ocrx_word' id='word_1_189' title='bbox 1004 2815 1058 2879; x_wconf 91' lang='lat' dir='ltr'><strong>per</strong></span> <span class='ocrx_word' id='word_1_190' title='bbox 1080 2797 1257 2879; x_wconf 82' lang='lat' dir='ltr'><strong>praesentes</strong></span> <span class='ocrx_word' id='word_1_191' title='bbox 1280 2794 1410 2859; x_wconf 90' lang='lat' dir='ltr'><strong>manda-</strong></span> 
     </span>
     <span class='ocr_line' id='line_1_25' title="bbox 169 2899 1410 2984; baseline 0 -20"><span class='ocrx_word' id='word_1_192' title='bbox 169 2919 248 2980; x_wconf 91' lang='lat' dir='ltr'><strong>mus,</strong></span> <span class='ocrx_word' id='word_1_193' title='bbox 271 2903 310 2964; x_wconf 89' lang='lat' dir='ltr'><strong>ut</strong></span> <span class='ocrx_word' id='word_1_194' title='bbox 329 2919 409 2984; x_wconf 88' lang='lat' dir='ltr'><strong>quae</strong></span> <span class='ocrx_word' id='word_1_195' title='bbox 439 2899 580 2981; x_wconf 88' lang='lat' dir='ltr'><strong>superius</strong></span> <span class='ocrx_word' id='word_1_196' title='bbox 610 2899 729 2964; x_wconf 87' lang='lat' dir='ltr'><strong>sancita</strong></span> <span class='ocrx_word' id='word_1_197' title='bbox 758 2901 840 2979; x_wconf 91' lang='lat' dir='ltr'><strong>suut,</strong></span> <span class='ocrx_word' id='word_1_198' title='bbox 863 2899 897 2964; x_wconf 94' lang='lat' dir='ltr'><strong>in</strong></span> <span class='ocrx_word' id='word_1_199' title='bbox 919 2900 983 2965; x_wconf 91' lang='lat' dir='ltr'><strong>suis</strong></span> <span class='ocrx_word' id='word_1_200' title='bbox 1006 2900 1186 2980; x_wconf 88' lang='lat' dir='ltr'><strong>Provinciis,</strong></span> <span class='ocrx_word' id='word_1_201' title='bbox 1212 2899 1410 2978; x_wconf 85' lang='lat' dir='ltr'><strong>Civitatibus,</strong></span> 
     </span>
     <span class='ocr_line' id='line_1_26' title="bbox 168 3001 1411 3088; baseline 0 -20"><span class='ocrx_word' id='word_1_202' title='bbox 168 3003 316 3069; x_wconf 81' lang='lat' dir='ltr'><strong>Ecclesiis</strong></span> <span class='ocrx_word' id='word_1_203' title='bbox 338 3005 370 3070; x_wconf 90' lang='lat' dir='ltr'><strong>et</strong></span> <span class='ocrx_word' id='word_1_204' title='bbox 394 3001 590 3068; x_wconf 86' lang='lat' dir='ltr'><strong>Dioooesibus</strong></span> <span class='ocrx_word' id='word_1_205' title='bbox 612 3001 791 3069; x_wconf 89' lang='lat' dir='ltr'><strong>solemniter</strong></span> <span class='ocrx_word' id='word_1_206' title='bbox 811 3003 971 3087; x_wconf 84' lang='lat' dir='ltr'><strong>publicari,</strong></span> <span class='ocrx_word' id='word_1_207' title='bbox 993 3007 1026 3070; x_wconf 89' lang='lat' dir='ltr'><strong>ot</strong></span> <span class='ocrx_word' id='word_1_208' title='bbox 1048 3005 1086 3070; x_wconf 90' lang='lat' dir='ltr'><strong>ab</strong></span> <span class='ocrx_word' id='word_1_209' title='bbox 1110 3003 1251 3070; x_wconf 89' lang='lat' dir='ltr'><strong>omnibns</strong></span> <span class='ocrx_word' id='word_1_210' title='bbox 1274 3004 1411 3088; x_wconf 87' lang='lat' dir='ltr'><strong>personis</strong></span> 
     </span>
     <span class='ocr_line' id='line_1_27' title="bbox 168 3106 1492 3195; baseline 0.002 -23"><span class='ocrx_word' id='word_1_211' title='bbox 168 3107 398 3173; x_wconf 77' lang='lat' dir='ltr'><strong>Ecclesiastiois</strong></span> <span class='ocrx_word' id='word_1_212' title='bbox 421 3106 631 3172; x_wconf 87' lang='lat' dir='ltr'><strong>saecularibus</strong></span> <span class='ocrx_word' id='word_1_213' title='bbox 654 3109 685 3172; x_wconf 90' lang='lat' dir='ltr'><strong>et</strong></span> <span class='ocrx_word' id='word_1_214' title='bbox 703 3109 880 3190; x_wconf 90' lang='lat' dir='ltr'><strong>quorumvis</strong></span> <span class='ocrx_word' id='word_1_215' title='bbox 893 3108 1043 3175; x_wconf 89' lang='lat' dir='ltr'><strong>Ordinnm</strong></span> <span class='ocrx_word' id='word_1_216' title='bbox 1056 3109 1275 3195; x_wconf 84' lang='lat' dir='ltr'><strong>Regularibns,</strong></span> <span class='ocrx_word' id='word_1_217' title='bbox 1297 3109 1411 3193; x_wconf 84' lang='lat' dir='ltr'><strong>ubique</strong></span> <span class='ocrx_word' id='word_1_218' title='bbox 1490 3109 1492 3116; x_wconf 87' lang='lat'>&#39;</span> 
     </span>
     <span class='ocr_line' id='line_1_28' title="bbox 168 3209 1409 3298; baseline 0.005 -22"><span class='ocrx_word' id='word_1_219' title='bbox 168 3213 305 3276; x_wconf 89' lang='lat' dir='ltr'><strong>locorum</strong></span> <span class='ocrx_word' id='word_1_220' title='bbox 340 3212 371 3276; x_wconf 89' lang='lat' dir='ltr'><strong>et</strong></span> <span class='ocrx_word' id='word_1_221' title='bbox 395 3210 537 3296; x_wconf 81' lang='lat' dir='ltr'><strong>gentium</strong></span> <span class='ocrx_word' id='word_1_222' title='bbox 568 3209 788 3276; x_wconf 86' lang='lat' dir='ltr'><strong>inviolabiliter</strong></span> <span class='ocrx_word' id='word_1_223' title='bbox 820 3213 852 3278; x_wconf 87' lang='lat' dir='ltr'><strong>et</strong></span> <span class='ocrx_word' id='word_1_224' title='bbox 880 3214 1027 3296; x_wconf 90' lang='lat' dir='ltr'><strong>perpetuo</strong></span> <span class='ocrx_word' id='word_1_225' title='bbox 1049 3214 1203 3280; x_wconf 88' lang='lat' dir='ltr'><strong>observari</strong></span> <span class='ocrx_word' id='word_1_226' title='bbox 1236 3215 1409 3298; x_wconf 85' lang='lat' dir='ltr'><strong>procurent.</strong></span> 
     </span>
     <span class='ocr_line' id='line_1_29' title="bbox 168 3315 1411 3402; baseline 0.002 -21"><span class='ocrx_word' id='word_1_227' title='bbox 168 3316 255 3381; x_wconf 87' lang='lat' dir='ltr'><strong>Haec</strong></span> <span class='ocrx_word' id='word_1_228' title='bbox 289 3315 494 3400; x_wconf 88' lang='lat' dir='ltr'><strong>praecipimus</strong></span> <span class='ocrx_word' id='word_1_229' title='bbox 528 3317 621 3399; x_wconf 89' lang='lat' dir='ltr'><strong>atque</strong></span> <span class='ocrx_word' id='word_1_230' title='bbox 642 3315 835 3395; x_wconf 89' lang='lat' dir='ltr'><strong>mandamns,</strong></span> <span class='ocrx_word' id='word_1_231' title='bbox 866 3335 925 3383; x_wconf 90' lang='lat' dir='ltr'><strong>non</strong></span> <span class='ocrx_word' id='word_1_232' title='bbox 948 3317 1144 3383; x_wconf 81' lang='lat' dir='ltr'><strong>obstantibus</strong></span> <span class='ocrx_word' id='word_1_233' title='bbox 1167 3317 1353 3402; x_wconf 81' lang='lat' dir='ltr'><strong>Apostolicis</strong></span> <span class='ocrx_word' id='word_1_234' title='bbox 1375 3337 1411 3383; x_wconf 89' lang='lat' dir='ltr'><strong>ao</strong></span> 
     </span>
     <span class='ocr_line' id='line_1_30' title="bbox 168 3418 1411 3507; baseline 0.003 -23"><span class='ocrx_word' id='word_1_235' title='bbox 168 3419 202 3484; x_wconf 92' lang='lat' dir='ltr'><strong>in</strong></span> <span class='ocrx_word' id='word_1_236' title='bbox 225 3419 468 3502; x_wconf 86' lang='lat' dir='ltr'><strong>Universalibus,</strong></span> <span class='ocrx_word' id='word_1_237' title='bbox 503 3418 811 3504; x_wconf 88' lang='lat' dir='ltr'><strong>Provincialibnsque</strong></span> <span class='ocrx_word' id='word_1_238' title='bbox 844 3423 875 3486; x_wconf 90' lang='lat' dir='ltr'><strong>ot</strong></span> <span class='ocrx_word' id='word_1_239' title='bbox 908 3420 1107 3507; x_wconf 78' lang='lat' dir='ltr'><strong>synodalibus</strong></span> <span class='ocrx_word' id='word_1_240' title='bbox 1129 3421 1274 3487; x_wconf 78' lang='lat' dir='ltr'><strong>Conciliis</strong></span> <span class='ocrx_word' id='word_1_241' title='bbox 1307 3420 1411 3502; x_wconf 86' lang='lat' dir='ltr'><strong>oditis,</strong></span> 
     </span>
     <span class='ocr_line' id='line_1_31' title="bbox 171 3523 1411 3610; baseline 0.002 -20"><span class='ocrx_word' id='word_1_242' title='bbox 171 3523 369 3610; x_wconf 84' lang='lat' dir='ltr'><strong>generabbns</strong></span> <span class='ocrx_word' id='word_1_243' title='bbox 392 3523 441 3590; x_wconf 87' lang='lat' dir='ltr'><strong>vel</strong></span> <span class='ocrx_word' id='word_1_244' title='bbox 463 3523 648 3607; x_wconf 89' lang='lat' dir='ltr'><strong>specialibus</strong></span> <span class='ocrx_word' id='word_1_245' title='bbox 672 3524 954 3591; x_wconf 75' lang='lat' dir='ltr'><strong>constitutionibus</strong></span> <span class='ocrx_word' id='word_1_246' title='bbox 977 3527 1010 3590; x_wconf 91' lang='lat' dir='ltr'><strong>et</strong></span> <span class='ocrx_word' id='word_1_247' title='bbox 1021 3524 1285 3606; x_wconf 82' lang='lat' dir='ltr'><strong>ordinationibus,</strong></span> <span class='ocrx_word' id='word_1_248' title='bbox 1309 3527 1411 3592; x_wconf 84' lang='lat' dir='ltr'><strong>caeto·</strong></span> 
     </span>
     <span class='ocr_line' id='line_1_32' title="bbox 167 3629 1410 3714; baseline 0.002 -20"><span class='ocrx_word' id='word_1_249' title='bbox 167 3629 272 3714; x_wconf 89' lang='lat' dir='ltr'><strong>1isque</strong></span> <span class='ocrx_word' id='word_1_250' title='bbox 303 3629 466 3694; x_wconf 86' lang='lat' dir='ltr'><strong>contrariis</strong></span> <span class='ocrx_word' id='word_1_251' title='bbox 495 3629 748 3712; x_wconf 86' lang='lat' dir='ltr'><strong>quibuscumque.</strong></span> <span class='ocrx_word' id='word_1_252' title='bbox 797 3629 948 3696; x_wconf 87' lang='lat' dir='ltr'><strong>Volumus</strong></span> <span class='ocrx_word' id='word_1_253' title='bbox 978 3631 1101 3711; x_wconf 87' lang='lat' dir='ltr'><strong>antem,</strong></span> <span class='ocrx_word' id='word_1_254' title='bbox 1135 3633 1170 3695; x_wconf 90' lang='lat' dir='ltr'><strong>ut</strong></span> <span class='ocrx_word' id='word_1_255' title='bbox 1202 3631 1410 3714; x_wconf 83' lang='lat' dir='ltr'><strong>praesentium</strong></span> 
     </span>
     <span class='ocr_line' id='line_1_33' title="bbox 167 3731 1410 3819; baseline 0.003 -23"><span class='ocrx_word' id='word_1_256' title='bbox 167 3731 359 3797; x_wconf 89' lang='lat' dir='ltr'><strong>Litterarum</strong></span> <span class='ocrx_word' id='word_1_257' title='bbox 383 3731 586 3816; x_wconf 88' lang='lat' dir='ltr'><strong>transumptis</strong></span> <span class='ocrx_word' id='word_1_258' title='bbox 609 3751 662 3796; x_wconf 88' lang='lat' dir='ltr'><strong>seu</strong></span> <span class='ocrx_word' id='word_1_259' title='bbox 686 3731 831 3816; x_wconf 84' lang='lat' dir='ltr'><strong>exemplis</strong></span> <span class='ocrx_word' id='word_1_260' title='bbox 856 3734 951 3798; x_wconf 89' lang='lat' dir='ltr'><strong>otiam</strong></span> <span class='ocrx_word' id='word_1_261' title='bbox 975 3733 1142 3818; x_wconf 90' lang='lat' dir='ltr'><strong>impressis,</strong></span> <span class='ocrx_word' id='word_1_262' title='bbox 1165 3755 1259 3801; x_wconf 89' lang='lat' dir='ltr'><strong>manu</strong></span> <span class='ocrx_word' id='word_1_263' title='bbox 1279 3734 1410 3819; x_wconf 88' lang='lat' dir='ltr'><strong>alicujus</strong></span> 
     </span>
     <span class='ocr_line' id='line_1_34' title="bbox 168 3829 1411 3925; baseline 0.001 -23"><span class='ocrx_word' id='word_1_264' title='bbox 168 3835 292 3902; x_wconf 88' lang='lat' dir='ltr'><strong>Notarii</strong></span> <span class='ocrx_word' id='word_1_265' title='bbox 313 3835 429 3920; x_wconf 91' lang='lat' dir='ltr'><strong>publici</strong></span> <span class='ocrx_word' id='word_1_266' title='bbox 460 3833 659 3918; x_wconf 88' lang='lat' dir='ltr'><strong>subscriptis,</strong></span> <span class='ocrx_word' id='word_1_267' title='bbox 691 3837 723 3902; x_wconf 89' lang='lat' dir='ltr'><strong>et</strong></span> <span class='ocrx_word' id='word_1_268' title='bbox 760 3829 863 3921; x_wconf 80' lang='lat' dir='ltr'><strong>sig&#39;illo</strong></span> <span class='ocrx_word' id='word_1_269' title='bbox 885 3855 1031 3920; x_wconf 84' lang='lat' dir='ltr'><strong>personae</strong></span> <span class='ocrx_word' id='word_1_270' title='bbox 1054 3837 1086 3903; x_wconf 93' lang='lat' dir='ltr'><strong>in</strong></span> <span class='ocrx_word' id='word_1_271' title='bbox 1109 3839 1319 3906; x_wconf 85' lang='lat' dir='ltr'><strong>ecclesiastica</strong></span> <span class='ocrx_word' id='word_1_272' title='bbox 1341 3839 1411 3925; x_wconf 85' lang='lat' dir='ltr'><strong>dig-</strong></span> 
     </span>
     <span class='ocr_line' id='line_1_35' title="bbox 168 3939 1410 4028; baseline 0.006 -22"><span class='ocrx_word' id='word_1_273' title='bbox 168 3943 269 4008; x_wconf 88' lang='lat' dir='ltr'><strong>nitate</strong></span> <span class='ocrx_word' id='word_1_274' title='bbox 302 3941 490 4007; x_wconf 88' lang='lat' dir='ltr'><strong>constitutae</strong></span> <span class='ocrx_word' id='word_1_275' title='bbox 524 3939 662 4019; x_wconf 82' lang='lat' dir='ltr'><strong>munitis,</strong></span> <span class='ocrx_word' id='word_1_276' title='bbox 699 3939 805 4006; x_wconf 90' lang='lat' dir='ltr'><strong>eadem</strong></span> <span class='ocrx_word' id='word_1_277' title='bbox 839 3961 963 4024; x_wconf 86' lang='lat' dir='ltr'><strong>prorsus</strong></span> <span class='ocrx_word' id='word_1_278' title='bbox 993 3943 1069 4009; x_wconf 86' lang='lat' dir='ltr'><strong>fidos</strong></span> <span class='ocrx_word' id='word_1_279' title='bbox 1103 3944 1296 4024; x_wconf 84' lang='lat' dir='ltr'><strong>adhibeatur,</strong></span> <span class='ocrx_word' id='word_1_280' title='bbox 1331 3963 1410 4028; x_wconf 83' lang='lat' dir='ltr'><strong>qrrao</strong></span> 
     </span>
     <span class='ocr_line' id='line_1_36' title="bbox 170 4044 1305 4129; baseline 0.005 -19"><span class='ocrx_word' id='word_1_281' title='bbox 170 4044 369 4112; x_wconf 81' lang='lat' dir='ltr'><strong>adhiberetur</strong></span> <span class='ocrx_word' id='word_1_282' title='bbox 390 4044 466 4129; x_wconf 90' lang='lat' dir='ltr'><strong>ipsis</strong></span> <span class='ocrx_word' id='word_1_283' title='bbox 488 4045 713 4129; x_wconf 88' lang='lat' dir='ltr'><strong>praesentibus,</strong></span> <span class='ocrx_word' id='word_1_284' title='bbox 736 4047 762 4112; x_wconf 88' lang='lat' dir='ltr'><strong>si</strong></span> <span class='ocrx_word' id='word_1_285' title='bbox 786 4047 887 4113; x_wconf 82' lang='lat' dir='ltr'><strong>forent</strong></span> <span class='ocrx_word' id='word_1_286' title='bbox 909 4047 1063 4114; x_wconf 84' lang='lat' dir='ltr'><strong>exhibitae</strong></span> <span class='ocrx_word' id='word_1_287' title='bbox 1085 4049 1134 4115; x_wconf 88' lang='lat' dir='ltr'><strong>vel</strong></span> <span class='ocrx_word' id='word_1_288' title='bbox 1156 4051 1305 4116; x_wconf 88' lang='lat' dir='ltr'><strong>ostensae.</strong></span> 
     </span>
    </p>

    <p class='ocr_par' dir='ltr' id='par_1_8' title="bbox 171 4147 1411 4343">
     <span class='ocr_line' id='line_1_37' title="bbox 274 4147 1411 4233; baseline 0.004 -19"><span class='ocrx_word' id='word_1_289' title='bbox 274 4149 393 4214; x_wconf 86' lang='lat' dir='ltr'><strong>Datum</strong></span> <span class='ocrx_word' id='word_1_290' title='bbox 429 4147 555 4229; x_wconf 82' lang='lat' dir='ltr'><strong>Roman,</strong></span> <span class='ocrx_word' id='word_1_291' title='bbox 591 4149 671 4232; x_wconf 89' lang='lat' dir='ltr'><strong>apud</strong></span> <span class='ocrx_word' id='word_1_292' title='bbox 705 4148 736 4215; x_wconf 86' lang='lat' dir='ltr'><strong>S.</strong></span> <span class='ocrx_word' id='word_1_293' title='bbox 770 4151 898 4216; x_wconf 87' lang='lat' dir='ltr'><strong>Petrum</strong></span> <span class='ocrx_word' id='word_1_294' title='bbox 933 4151 991 4216; x_wconf 87' lang='lat' dir='ltr'><strong>sub</strong></span> <span class='ocrx_word' id='word_1_295' title='bbox 1023 4154 1137 4219; x_wconf 87' lang='lat' dir='ltr'><strong>annulo</strong></span> <span class='ocrx_word' id='word_1_296' title='bbox 1159 4153 1337 4233; x_wconf 87' lang='lat' dir='ltr'><strong>Piscatoris,</strong></span> <span class='ocrx_word' id='word_1_297' title='bbox 1360 4153 1411 4218; x_wconf 90' lang='lat' dir='ltr'><strong>die</strong></span> 
     </span>
     <span class='ocr_line' id='line_1_38' title="bbox 171 4251 1344 4343; baseline 0.007 -27"><span class='ocrx_word' id='word_1_298' title='bbox 171 4251 239 4320; x_wconf 84' lang='lat' dir='ltr'><strong>vll.</strong></span> <span class='ocrx_word' id='word_1_299' title='bbox 262 4252 342 4319; x_wconf 89' lang='lat' dir='ltr'><strong>Julii</strong></span> <span class='ocrx_word' id='word_1_300' title='bbox 365 4251 616 4320; x_wconf 74' lang='lat' dir='ltr'><strong>undosam.</strong></span> <span class='ocrx_word' id='word_1_301' title='bbox 641 4253 845 4320; x_wconf 83' lang='lat' dir='ltr'><strong>Pontificatus</strong></span> <span class='ocrx_word' id='word_1_302' title='bbox 868 4255 976 4321; x_wconf 88' lang='lat' dir='ltr'><strong>Nostri</strong></span> <span class='ocrx_word' id='word_1_303' title='bbox 998 4275 1077 4324; x_wconf 87' lang='lat' dir='ltr'><strong>anno</strong></span> <span class='ocrx_word' id='word_1_304' title='bbox 1100 4257 1344 4343; x_wconf 81' lang='lat' dir='ltr'><strong>vigesimosexto.</strong></span> 
     </span>
    </p>

    <p class='ocr_par' dir='ltr' id='par_1_9' title="bbox 271 4356 732 4440">
     <span class='ocr_line' id='line_1_39' title="bbox 271 4356 732 4440; baseline 0.004 -18"><span class='ocrx_word' id='word_1_305' title='bbox 271 4357 350 4424; x_wconf 84' lang='lat' dir='ltr'><strong>Loco</strong></span> <span class='ocrx_word' id='word_1_306' title='bbox 373 4358 395 4440; x_wconf 95' lang='lat'>†</span> <span class='ocrx_word' id='word_1_307' title='bbox 416 4356 533 4421; x_wconf 78' lang='lat' dir='ltr'><strong>Annali</strong></span> <span class='ocrx_word' id='word_1_308' title='bbox 554 4357 732 4424; x_wconf 85' lang='lat' dir='ltr'><strong>Piscatoris.</strong></span> 
     </span>
    </p>

    <p class='ocr_par' dir='ltr' id='par_1_10' title="bbox 632 4461 1305 4650">
     <span class='ocr_line' id='line_1_40' title="bbox 632 4461 1305 4533; baseline 0.012 -8"><span class='ocrx_word' id='word_1_309' title='bbox 632 4461 693 4528; x_wconf 87' lang='lat' dir='ltr'><strong>Pro</strong></span> <span class='ocrx_word' id='word_1_310' title='bbox 724 4461 813 4529; x_wconf 85' lang='lat' dir='ltr'><strong>Dom.</strong></span> <span class='ocrx_word' id='word_1_311' title='bbox 838 4461 928 4530; x_wconf 79' lang='lat' dir='ltr'><strong>Oard.</strong></span> <span class='ocrx_word' id='word_1_312' title='bbox 952 4463 1305 4533; x_wconf 76' lang='lat' dir='ltr'><strong>Pcrcocicat-Olaroltr&#39;.</strong></span> 
     </span>
     <span class='ocr_line' id='line_1_41' title="bbox 634 4565 1104 4650; baseline 0.006 -18"><span class='ocrx_word' id='word_1_313' title='bbox 634 4566 729 4632; x_wconf 79' lang='lat' dir='ltr'><strong>Fetia</strong></span> <span class='ocrx_word' id='word_1_314' title='bbox 750 4565 874 4650; x_wconf 76' lang='lat' dir='ltr'><strong>Profilc&#39;,</strong></span> <span class='ocrx_word' id='word_1_315' title='bbox 897 4565 1104 4635; x_wconf 84' lang='lat' dir='ltr'><strong>Substitntas.</strong></span> 
     </span>
    </p>
   </div>
   <div class='ocr_carea' id='block_1_6' title="bbox 636 4717 947 4732">
    <p class='ocr_par' dir='ltr' id='par_1_11' title="bbox 636 4717 947 4732">
     <span class='ocr_line' id='line_1_42' title="bbox 636 4717 947 4732; baseline 0 -4"><span class='ocrx_word' id='word_1_316' title='bbox 636 4717 947 4732; x_wconf 47' lang='lat' dir='ltr'><strong>nnuma-...num</strong></span> 
     </span>
    </p>
   </div>
   <div class='ocr_carea' id='block_1_7' title="bbox 0 0 1596 4910">
    <p class='ocr_par' dir='ltr' id='par_1_12' title="bbox 0 0 1596 4910">
     <span class='ocr_line' id='line_1_43' title="bbox 0 0 1596 4910; baseline 0 1"><span class='ocrx_word' id='word_1_317' title='bbox 0 0 1596 4910; x_wconf 95' lang='lat' dir='ltr'><strong> </strong></span> 
     </span>
    </p>
   </div>
  </div>
 </body>
</html>
