3182 4910
143 203 195 258 rer
213 203 265 260 rx.
286 205 423 261 caesores.
434 205 463 259 a.
475 205 520 261 1e.
538 205 612 273 aar.
623 204 697 260 1871
710 207 747 262 aa
760 205 860 260 socae
871 208 907 260 et
918 205 987 260 aaa.
1001 221 1024 261 ε.
1042 205 1131 261 cora.
1143 206 1228 264 rese.
1239 188 1384 256 CXXXV

195 375 233 457 ll.
263 375 373 456 taber
397 374 456 456 dle
484 373 740 458 bruderscbalt
764 397 807 456 ru
835 375 955 458 [bran
972 377 1038 458 dee
1063 377 1332 500 mbeitpsten

626 497 777 580 danaus
810 499 902 582 lesu

659 616 863 686 Decretum.
906 677 908 682 ,

546 721 683 789 PIUS
721 725 748 790 P
763 723 790 790 A
808 725 833 788 P
849 725 878 790 A
915 723 985 792 IX.

474 826 531 892 Aa
556 833 745 910 perpetuam
778 829 827 894 ret
858 829 1051 896 memoriam

246 929 367 994 Referri
388 929 487 996 Nobis
509 932 631 998 curarit
653 931 793 998 Dilectus
816 933 914 998 Filius
937 932 1138 1018 Raymundus
1160 931 1291 998 Bianchi
1305 933 1382 998 Pro-

142 1034 266 1097 curator
289 1031 451 1099 Generalis
473 1033 620 1099 Eratrum
643 1035 769 1100 Ordinis
791 1035 1058 1115 Praedicatorum,
1088 1035 1119 1099 in
1149 1035 1297 1102 Ecclesiis
1325 1037 1384 1102 Or·

143 1135 224 1204 diuis
245 1139 303 1217 sui,
326 1140 362 1203 ut
385 1138 545 1218 asseritur,
569 1139 752 1204 institutum
775 1140 869 1206 luisse
891 1140 978 1224 pium
991 1139 1222 1206 Sodahtiumin
1237 1141 1384 1208 honorem

143 1241 265 1308 senoni
286 1241 428 1308 Nominis
458 1242 553 1319 Jesu,
582 1243 671 1328 cujus
701 1241 826 1309 &dales
852 1244 1051 1328 praecipuum
1074 1242 1134 1308 sibi
1156 1241 1250 1310 finem
1272 1263 1385 1330 propo-

143 1351 272 1412 suerunt
304 1347 470 1414 horrendas
507 1348 637 1433 iujuriae
677 1349 801 1414 infando
844 1349 1008 1432 impiorum
1047 1348 1208 1414 bominum
1241 1367 1318 1414 ausu
1352 1349 1385 1414 in

144 1452 402 1536 augustissimum
425 1451 532 1518 Divini
555 1451 728 1518 Salvatoris
750 1453 872 1518 Nomen
894 1452 1000 1518 illatas
1016 1452 1240 1535 quodammodo
1259 1461 1313 1536 pro
1328 1471 1384 1518 sua

143 1558 259 1640 pietate
282 1555 464 1638 rependere3
487 1557 648 1638 praeterea
668 1555 751 1624 idem
774 1555 1005 1622 Dilectissimae
1027 1555 1125 1622 Filius
1148 1575 1165 1620 a
1187 1555 1285 1622 Nobis
1298 1557 1384 1624 enixe

143 1660 321 1744 postulavit,
345 1663 381 1726 ut
403 1662 609 1726 memoratum
631 1659 817 1726 Sodalitium
838 1661 1022 1726 coelestibus
1045 1661 1203 1726 Ecclesiae
1218 1662 1382 1742 thesauris,

142 1783 275 1848 quorum
308 1763 567 1846 dispensationem
603 1762 701 1829 Nobis
738 1763 871 1830 credidit
903 1765 1098 1844 Altiesimus,
1126 1783 1161 1830 ex
1183 1763 1384 1850 Benignitate

143 1869 259 1934 Nostra
282 1867 460 1957 Apostolica
491 1867 591 1933 ditare
621 1867 832 1952 dignaremur.
884 1869 949 1935 Nos
972 1871 1087 1954 itaque,
1110 1869 1164 1954 qui
1187 1869 1293 1935 Diuini
1315 1869 1382 1934 No·

142 1973 235 2038 mirris
256 1971 388 2056 gloriam
422 1971 535 2055 ubique
567 1973 708 2056 gentium
743 1993 914 2060 propagare
950 1975 1025 2040 totis
1058 1974 1177 2040 viribus
1211 1973 1382 2054 eludamur,
1477 1990 1479 1994 ’

142 2077 202 2160 piis
236 2076 413 2161 hujusmodi
445 2076 736 2166 supplicationibus,
768 2097 846 2162 quae
880 2079 919 2144 ad
954 2079 1037 2144 huuc
1071 2077 1262 2144 laudabilem
1290 2078 1383 2142 finem

143 2183 295 2265 spectant,
318 2181 462 2246 lubenter
492 2181 698 2246 obsecundare
728 2182 906 2248 statuimus.
957 2181 1058 2262 Quare
1087 2182 1124 2246 de
1156 2179 1384 2265 Omnipoteutis

144 2286 364 2364 misericordia,
397 2303 433 2350 ac
455 2285 522 2352 BB.
555 2285 643 2350 Petri
676 2287 708 2350 et
731 2286 823 2352 Pauli
845 2287 1065 2370 Apostolorum
1100 2286 1167 2370 ejus
1197 2286 1384 2351 auctoritate

144 2391 259 2470 confisi,
281 2389 423 2457 omnibus
447 2390 478 2454 ot
500 2388 632 2473 siugulis
655 2389 816 2473 utriusque
839 2409 927 2455 serus
952 2387 1224 2472 christifidelibus,
1259 2391 1312 2474 qui
1333 2391 1384 2475 pio

145 2491 294 2560 Sodalitio
316 2495 348 2558 iu
369 2495 516 2560 honorem
539 2491 661 2558 SSmmi
682 2491 827 2558 Nominis
848 2493 924 2560 Jesu
947 2494 980 2558 iu
1002 2493 1142 2580 qualibet
1176 2505 1212 2560 er
1234 2493 1383 2560 Ecclesiis

142 2601 286 2666 Fratrum
311 2600 435 2666 Ordinis
458 2599 711 2666 Praedicatorum
737 2599 882 2665 canonice
916 2600 1060 2666 existenti
1094 2618 1206 2665 nomen
1239 2599 1383 2666 dederint

143 2725 244 2802 suurn,
267 2703 295 2769 si
316 2703 454 2788 aliquam
484 2704 654 2788 imaginem
675 2702 797 2770 SSmmi
818 2703 961 2768 Nominis
984 2703 1061 2770 Jesu
1084 2703 1194 2770 devote
1216 2704 1383 2788 gestantes,

143 2809 307 2892 quinquies
329 2809 495 2893 trisagium
519 2812 551 2874 et
573 2807 657 2891 piam
680 2808 911 2890 praecationern
938 2807 1010 2873 »Sia
1033 2805 1263 2874 infinitameute
1287 2807 1383 2872 bene-

144 2914 231 2978 detto
254 2912 277 2979 il
299 2911 426 2978 SSmmo
448 2911 548 2978 Numa
570 2911 602 2976 di
625 2910 727 2978 essu«
752 2911 841 2976 corde
864 2912 979 2976 saltem
1013 2911 1140 2976 contriti
1174 2909 1382 2990 recitaverint,

144 3015 276 3099 quodie
300 3015 332 3081 id
355 3017 486 3101 egerint,
509 3017 683 3081 tercentum
707 3014 772 3079 dies
794 3014 833 3081 de
854 3012 1002 3098 inJ'uuctis
1029 3016 1084 3094 eis,
1116 3033 1170 3078 seu
1201 3013 1278 3079 alias
1308 3033 1384 3098 quo-

145 3121 314 3187 modolibet
336 3119 450 3188 debitis
471 3118 668 3204 poenitentiis
690 3117 723 3182 in
745 3119 845 3186 forma
865 3117 1021 3184 Ecclesiae
1045 3116 1383 3196 consuetarelaxamus,

146 3244 222 3309 quas
256 3225 515 3310 poenitentiarum
547 3223 750 3290 relaxationes
784 3222 879 3287 etiam
912 3222 1075 3289 animabus
1110 3219 1380 3304 Chrislilidelium,

146 3349 221 3412 quae
243 3330 303 3394 Dei
322 3330 355 3394 in
377 3329 531 3394 charitate
553 3327 734 3412 conjunctae
756 3327 795 3392 ab
817 3327 874 3392 hac
896 3327 965 3392 luce
988 3325 1200 3412 migraverint,
1236 3343 1289 3408 per
1311 3345 1381 3390 mo·

147 3434 219 3500 dum
241 3434 382 3519 suffragii
413 3433 563 3518 applicari
589 3451 677 3516 posse
699 3430 939 3496 misericorditer
962 3431 994 3494 in
1017 3429 1148 3494 Domino
1169 3427 1384 3513 indulgemus3

146 3537 178 3604 iu
204 3539 391 3604 contrarium
425 3537 610 3602 iacientibus
643 3555 702 3602 non
734 3533 947 3620 obstantibus,
981 3533 1195 3617 praesentibus
1227 3534 1386 3616 perpetuis

146 3641 259 3708 futuris
293 3642 481 3728 temporibus
512 3641 662 3708 valituris.
708 3639 857 3705 Volumus
880 3639 995 3719 autem,
1027 3639 1064 3703 ut
1093 3637 1302 3721 praesentium
1332 3637 1386 3703 lit-

146 3749 284 3813 terarum
319 3745 552 3830 transsumptis,
586 3764 641 3812 seu
668 3744 816 3829 exemplis
839 3743 934 3808 etiam
957 3741 1115 3826 impressis
1137 3759 1231 3808 manu
1255 3739 1387 3825 alicujus

147 3851 269 3917 Notarii
290 3849 406 3935 publici
428 3850 611 3933 subscriptis
633 3850 666 3914 et
687 3847 792 3934 sigillo
815 3847 967 3912 Personae
990 3846 1022 3910 in
1038 3845 1259 3912 Ecclesiastico
1280 3844 1386 3930 digni·

146 3957 212 4022 tate
234 3955 425 4021 const'tutae
448 3955 588 4034 munitis,
612 3953 720 4020 eadem
742 3971 867 4036 prorsus
890 3951 966 4015 fides
996 3949 1192 4030 adhibeatur,
1222 3969 1301 4036 quae
1332 3948 1387 4016 ad-

147 4061 305 4126 hiberetur
327 4060 403 4144 ipsis
426 4059 652 4144 praesentibus,
675 4059 700 4122 si
724 4057 827 4124 lorent
850 4055 1005 4122 exhibitae
1028 4053 1077 4120 vel
1099 4055 1252 4129 ostensae.

251 4163 369 4230 Datum
402 4165 528 4244 Romae,
562 4163 644 4248 apud
679 4159 709 4227 S.
746 4162 885 4242 Petrum,
909 4159 965 4224 sub
987 4159 1112 4224 Annulo
1135 4157 1315 4236 Piscatoris,
1338 4155 1388 4222 die

149 4249 200 4334 le.
223 4269 342 4355 Aprilis
366 4271 460 4336 1871.
505 4267 711 4336 Pontificatus
733 4265 843 4332 Nostri
864 4265 953 4329 Anno
976 4263 1255 4346 Vigesimoquinto.

674 4372 734 4437 Pro
758 4369 792 4437 O.
816 4369 907 4435 Gard.
929 4365 1284 4434 Peraean-orarent.

679 4475 715 4543 J.
739 4475 862 4558 Profilc',
886 4472 1091 4540 Substitutue.

175 4668 249 4710 anan
263 4669 296 4708 nr
308 4667 463 4708 irrumare
477 4667 541 4709 mne
1153 4645 1183 4716 X
