3182 4910
212 259 403 330 UXXXVUI
446 275 533 334 Dece·⁴
556 275 667 350 congr.
686 293 708 334 s.
727 277 789 334 Βῆ.
808 281 837 334 d.
856 277 901 335 22.
920 279 1013 352 Aps-lt
1031 280 1104 336 1871
1123 283 1160 337 de
1176 281 1258 350 sesto
1277 299 1299 337 s.
1317 283 1384 340 Jos.

211 451 405 539 providentia
439 449 570 516 Beatum
606 448 722 532 Joseph
755 447 977 517 Sanctissimae
1007 449 1176 520 Genitricis
1209 453 1282 520 tuae
1305 473 1453 538 sponsum

211 559 327 645 eligere
348 557 495 642 diguatus
517 573 560 632 es,
583 555 708 637 praesta
728 573 924 638 quaesumus,
948 558 985 622 nt
1006 559 1313 642 quamprotectorem
1326 577 1454 626 reuera·

210 683 281 730 mur
313 663 345 728 in
379 661 481 738 terris,
516 660 748 726 intercessorem
782 659 897 728 bebere
930 679 1104 728 mereamur
1136 661 1168 727 in
1197 663 1318 731 coelis«
1364 664 1455 730 Haec

210 767 362 845 volumus,
384 763 568 832 mandamus
591 762 799 843 decernentes,
822 764 879 830 has
900 764 1025 832 litteras
1039 765 1171 832 Nostras
1193 765 1308 845 firmas,
1332 767 1453 834 relidas

209 874 242 938 ct
271 870 413 938 efficaces
440 868 569 933 existere
599 867 631 932 et
662 866 726 932 tore
757 885 889 952 suosque
918 868 1073 952 plenarios
1102 870 1135 935 et
1156 869 1296 955 integros
1322 870 1453 938 effectus

208 976 313 1044 sortiri
334 977 368 1040 et
389 972 539 1049 obtinere,
559 989 619 1036 non
642 969 839 1037 obstantibus
863 970 1145 1038 Constitutionibue
1175 976 1207 1040 et
1236 973 1450 1040 Ordinationi-

207 1085 266 1150 bus
287 1077 474 1164 Apostolicis
497 1075 668 1160 ceterisque
690 1074 1117 1162 contrariisquibuscumque.
1163 1077 1313 1144 Volumus
1333 1081 1450 1158 autem,

207 1199 244 1260 ut
265 1183 473 1274 praesentium
496 1179 699 1264 transumptis
721 1179 921 1261 Litterarum,
944 1201 999 1248 seu
1014 1181 1161 1266 exemplis
1178 1183 1274 1248 etiam
1290 1183 1449 1267 impressis

208 1313 302 1364 mann
325 1287 456 1372 nlicrrjm
479 1283 601 1350 Notarii
623 1282 739 1367 publici
761 1283 955 1368 subscriptis,
978 1287 1010 1352 et
1032 1285 1136 1370 sigillo
1158 1305 1306 1370 personae
1333 1287 1365 1350 in
1398 1305 1450 1352 ec-

207 1396 382 1466 clesiastica
403 1390 558 1476 dignitate
581 1387 771 1454 constitutae
803 1388 931 1452 munitis
960 1388 1068 1455 eadem
1097 1409 1220 1474 prorsus
1250 1389 1326 1456 fides
1357 1390 1448 1456 adhi-

207 1505 329 1582 beatur,
349 1517 427 1584 quae
450 1493 649 1562 adhiberetur
670 1491 745 1578 ipsis
771 1491 1000 1576 praesentibus,
1028 1493 1056 1558 si
1085 1494 1186 1562 forent
1215 1494 1370 1562 exhibitae
1400 1495 1449 1561 vel

208 1609 360 1676 ostensae.

312 1709 428 1774 Datum
458 1704 574 1770 Romae
608 1700 690 1786 apud
730 1699 761 1766 S.
795 1698 925 1766 Petrum
957 1699 1015 1766 snb
1047 1701 1160 1767 annqu
1194 1701 1362 1768 Piscatoris
1397 1704 1448 1770 dio

210 1815 278 1883 vil.
301 1813 381 1880 Julii
401 1805 655 1875 nbcoonxxl.
701 1803 904 1871 Pontificatua
927 1803 1035 1868 Nostri
1057 1806 1146 1870 Auno
1170 1806 1419 1873 Vicesimosaxto.

311 1917 359 2003 (ir.
383 1911 429 1999 S.)
681 1907 741 1974 Pro
765 1907 852 1974 Dour.
877 1906 966 1973 Uard.
989 1907 1339 1977 PcrocctoniUturclti.

684 2013 722 2079 F.
743 2011 866 2093 Profiti‚
889 2009 1095 2078 Substitutus.

336 2381 401 2466 llll.
437 2377 619 2462 decretum
647 2373 932 2478 concrepatioris
958 2373 1146 2488 Sacrorum
1173 2373 1315 2456 lilinum
1422 2368 1426 2381 '

447 2517 497 2584 Dc
515 2517 596 2600 scsto
616 2514 649 2582 S.
671 2515 801 2598 Jcaepb,
825 2513 915 2582 ocu.
938 2513 1027 2582 seez.
1050 2513 1193 2580 Patroni.

308 2643 392 2712 Dab.
415 2641 445 2708 Ι.
467 2639 580 2706 Utrum
604 2635 705 2704 Urcdo
728 2637 760 2702 in
784 2639 941 2720 posterum
964 2633 1127 2700 dicendum
1149 2635 1246 2701 sitin
1268 2636 1349 2704 festo
1372 2636 1440 2702 Na·

206 2753 265 2820 tali
286 2749 388 2816 sancti
409 2743 537 2827 losepbi
566 2744 599 2807 et
628 2741 659 2806 in
687 2741 766 2807 sesto
795 2741 893 2824 ipsius
925 2739 1106 2818 Patrocinii,
1136 2739 1197 2806 etsi
1229 2740 1314 2806 istud
1344 2759 1440 2826 quan-

207 2859 305 2942 doque
327 2873 346 2920 a
367 2849 530 2917 Dominica
550 2847 583 2912 io
607 2845 702 2912 aliam
724 2845 807 2910 diem
830 2845 992 2912 transferri
1014 2844 1198 2928 contingat?
1228 2843 1270 2908 ldl
1296 2845 1323 2909 si
1353 2845 1443 2910 altir-

207 2961 332 3038 matire‚
355 2952 505 3041 quomodo
528 2951 559 3016 in
582 2948 702 3016 blissali
725 2949 953 3015 enunciandam
973 2945 1037 3014 siti
1059 2945 1218 3028 Quomodo
1229 2967 1340 3014 norum
1353 2967 1444 3032 prac-

207 3067 331 3150 ceptum
353 3060 391 3126 de
413 3057 541 3124 dicendo
564 3053 666 3121 Credo
695 3052 922 3120 enunciandam
951 3053 995 3119 sit
1024 3053 1058 3116 iu
1086 3051 1219 3118 rubricis
1243 3052 1441 3137 generalibus

207 3167 344 3238 ldissslis
366 3165 416 3230 tit
438 3161 493 3228 XI.
516 3159 554 3224 de
575 3155 744 3243 Symbola?

308 3267 391 3338 Duo.
425 3264 476 3333 ΙΙ.
508 3263 622 3330 Utrum
655 3261 687 3326 in
721 3259 841 3328 Mimali
864 3261 897 3326 et
916 3259 948 3324 in
972 3258 1131 3326 Breviorio
1153 3258 1204 3326 die
1225 3259 1311 3326 XIX.
1334 3260 1443 3326 Martii

202 3382 248 3446 ita
269 3378 385 3443 lectum
418 3368 518 3436 sancti
539 3365 667 3450 doscpbi
700 3364 897 3449 postmodnm
931 3362 1058 3448 proponi
1092 3362 1221 3429 debeat:
1254 3363 1331 3430 »Die
1353 3363 1440 3431 Xlll.

202 3480 310 3549 ldartii
331 3477 363 3546 S.
386 3471 516 3558 dosepbi
539 3467 739 3548 Contessoris,
762 3465 873 3552 Sponsi
895 3467 932 3534 Β.
955 3465 1076 3534 Mariae
1100 3467 1239 3554 Virginis
1268 3469 1301 3532 et
1324 3467 1441 3534 Catho-

201 3587 280 3652 licae
302 3581 460 3650 Ecclesiae
492 3574 664 3643 Patroniri’
697 3573 739 3639 lit
770 3573 877 3638 utrum
910 3571 943 3636 id
977 3571 1071 3638 etiam
1106 3572 1139 3638 in
1162 3571 1350 3639 Kalendario
1372 3571 1439 3638 fieri

200 3689 299 3775 possit
322 3685 371 3753 rel
392 3683 524 3750 debeat?

233 3823 237 3832 ·
282 3789 388 3857 ΔΒιώ.
409 3785 482 3854 ΙΙΙ.
504 3783 606 3866 erum
629 3781 661 3848 in
685 3779 831 3848 Oratione
855 3780 888 3846 A
910 3783 1029 3846 conctis
1052 3796 1164 3846 nomen
1186 3779 1287 3846 sancti
1309 3778 1439 3862 Josephi

198 3897 272 3966 addi
293 3896 326 3960 iu
348 3895 504 3978 posterum
526 3886 564 3954 de
583 3886 746 3972 praecepto
769 3883 890 3963 debeat,
911 3883 1090 3966 quaeritur:
1116 3885 1161 3950 1.⁰
1194 3883 1313 3965 Quibus
1334 3883 1439 3949 verbis

198 4007 259 4073 boc
279 3997 455 4068 iaciendum
481 3995 547 4060 sit?
577 3994 684 4058 utrum
715 3989 836 4057 verbis:
871 3987 1105 4054 »Intercedentc
1136 3987 1228 4054 besta
1251 3991 1284 4054 ct
1303 3987 1437 4073 gloriosa

197 4125 318 4192 semper
351 4102 479 4187 Virgine
513 4097 570 4162 Dei
604 4093 755 4181 genitrice
788 4091 889 4158 Maria
921 4110 991 4158 cnm
1025 4091 1190 4176 purissimo
1225 4091 1341 4177 Sponso
1370 4091 1437 4176 ejus

196 4213 304 4280 sancte
325 4205 454 4292 loseph,
477 4204 510 4270 et
533 4199 632 4266 beatis
653 4197 813 4281 Apostolia
834 4197 940 4262 elce?
962 4193 1134 4278 volquibns
1147 4196 1243 4262 aliis?
1265 4197 1311 4262 2.¹'
1323 4195 1436 4262 Utrum

196 4335 306 4384 nomeu
328 4309 430 4382 sancti
457 4305 584 4392 Josepbi
614 4303 661 4370 its
690 4321 761 4368 cum
792 4301 885 4368 besta
906 4299 1006 4366 Maria
1029 4298 1159 4384 Virgine
1178 4300 1321 4383 junctum
1344 4317 1434 4383 prae-

194 4423 267 4508 poni
299 4418 411 4486 deboat
443 4410 619 4482 nominibus
657 4405 847 4490 Angelorum
887 4404 919 4469 et
958 4403 1059 4468 sancti
1098 4403 1227 4470 loannis
1266 4403 1448 4492 Baptistae.¹

194 4530 241 4594 ΒΑ·
264 4525 376 4592 Utrum
400 4521 433 4586 et
453 4513 605 4603 quomodo
628 4508 781 4595 ejusmodi
804 4508 962 4573 decretum
985 4505 1098 4592 apponi
1120 4506 1232 4572 debeat
1245 4507 1276 4573 in
1290 4506 1435 4572 Missali?

194 4631 326 4700 forsitan
340 4627 373 4692 in
388 4625 490 4709 capite
507 4619 645 4705 ejusdem
657 4612 812 4684 interulis
825 4611 951 4680 decreta
966 4609 997 4680 S.
1009 4611 1140 4680 Ritnnm
1154 4610 1435 4699 congregationis?
