3144 4916
202 217 320 286 lim]
359 235 411 294 Ptl
428 233 488 290 ΡΡ.
505 234 630 304 Ereopcl.
648 235 677 290 d.
695 233 723 288 d
742 205 836 290 laets
851 184 926 288 retr
944 231 1138 304 armatam
1153 245 1229 302 pap.
1249 229 1341 286 XXV
1366 245 1441 286 aaa.

202 405 238 489 r.
263 407 339 490 ou
365 405 551 510 namorp
576 406 740 490 turmam
768 405 834 488 ces
860 405 1088 506 salemon
1115 351 1268 508 raca
1294 403 1375 486 rius
1388 402 1442 484 oo

204 551 233 612 1.
256 543 520 612 sarcrlsffltss
543 541 698 611 DOMINI
719 543 874 611 nostru
895 543 954 608 PII
975 542 1125 608 DIVINA
1150 542 1441 609 Paovlonri'rls

229 679 233 686 ·
711 646 850 712 Plana
873 647 928 712 IX.

527 775 531 782 ·
572 753 790 871 'arissam
820 783 1045 870 socrates

201 945 257 1012 Aa
277 963 383 1012 ames
394 944 615 1024 resarcias,
627 943 796 1023 aona,
808 941 1079 1026 rasennam.
1097 941 1286 1025 sompes,
1299 911 1440 1024 aaran

200 1049 339 1117 bonrum
362 1047 554 1116 ordinarios
575 1048 724 1116 Mam
745 1045 1048 1218 wionem
1070 1065 1140 1114 cosm
1161 1045 1348 1129 Apcslele'ea
1368 1044 1440 1112 seda

566 1259 771 1358 'rius
814 1285 1026 1388 rain

639 1411 838 1479 Vermrabtles
858 1407 1002 1478 Ftatres.

469 1551 608 1612 Salutem
625 1559 655 1610 ct
673 1553 889 1624 Apostoltcam
906 1551 1166 1608 Benedicttoaem.

302 1672 459 1739 Beneficia
480 1673 539 1739 Dei
561 1673 599 1740 ad
622 1672 837 1738 celebrandam
865 1671 931 1755 eius
961 1667 1187 1754 benignitatem
1225 1669 1291 1736 Nos
1317 1669 1439 1746 vocant,

200 1773 406 1842 damnosam
428 1777 460 1842 iu
482 1777 580 1844 Nobis
601 1777 801 1861 protectionis
828 1792 903 1842 snae
932 1775 1067 1860 gretiam
1098 1775 1132 1839 ct
1159 1773 1336 1858 blaJcstatis
1363 1791 1439 1840 suaa

198 1879 331 1964 gloriam
360 1881 537 1950 ostendunt.
582 1882 717 1963 Quintus
739 1881 820 1946 onim
842 1882 874 1948 et
896 1879 1060 1946 vicesimus
1084 1881 1150 1964 jam
1180 1877 1314 1944 elabitur
1339 1897 1438 1944 annm

200 2001 237 2049 ar
255 2003 317 2068 quo
339 1984 540 2069 Apostolatus
561 1986 654 2070 hnjm
676 1986 794 2064 Nostri,
818 1985 883 2050 Deo
898 1985 1089 2069 disponente,
1111 1977 1320 2050 ministerium
1334 2001 1439 2050 susce-

199 2085 310 2170 pimus,
333 2090 423 2176 cujus
444 2109 627 2158 aemmnosa
649 2092 788 2174 tempora
806 2090 970 2173 perspecta
991 2088 1231 2166 itasuntrobis,
1253 2089 1290 2153 ut
1304 2086 1437 2172 longiori

200 2189 316 2258 Nostra
338 2179 627 2262 commemoratione
649 2214 710 2261 non
725 2195 846 2279 egeant.
891 2193 970 2260 Vere
982 2194 1078 2277 patet,
1092 2192 1292 2258 venerabiles
1303 2193 1437 2271 Nmtros,

199 2313 236 2360 ox
257 2297 336 2362 serie
358 2299 406 2364 tot
429 2301 593 2364 eventuum
616 2299 805 2366 militantem
828 2298 1000 2364 Ecclesiam
1022 2298 1104 2364 inter
1133 2297 1241 2364 crebra
1268 2297 1439 2362 certamina

199 2401 234 2466 et
255 2392 400 2470 uictorias
434 2421 557 2470 cursum
590 2407 709 2481 tanaim
745 2422 815 2470 sere
835 2403 933 2470 ¹Dens
966 2419 1069 2468 rerum
1103 2401 1185 2468 vices
1217 2402 1373 2486 temperat
1402 2419 1439 2466 ac

99 2515 101 2520 ’
200 2504 283 2589 regit
301 2506 336 2572 iu
359 2506 449 2586 Orba,
472 2508 525 2592 qui
548 2509 597 2574 est
619 2507 788 2576 metellum
814 2508 930 2592 pedam
962 2525 1105 2584 snorum3
1138 2523 1209 2572 rere
1241 2503 1373 2572 infirmis
1405 2505 1439 2570 et

200 2595 484 2694 mntemptibilibua
507 2631 597 2697 saepe
619 2612 837 2680 instrumentis
860 2613 971 2692 utitur,
994 2613 1032 2678 nt
1060 2609 1132 2676 inde
1161 2609 1289 2676 conum
1318 2609 1438 2694 expleat

200 2714 370 2799 sapientiae
391 2733 475 2784 suae.
508 2759 511 2767 «
573 2797 580 2806 ἱ
684 2775 690 2789 ,

302 2818 396 2886 lesus
418 2818 562 2888 (lbristus
584 2821 734 2888 Dominus
746 2820 871 2896 Neuter,
894 2819 1057 2886 auctorat
1079 2833 1241 2902 supremus
1262 2815 1437 2884 moderator

199 2917 363 3001 leesim,
385 2930 480 3006 onem
502 2923 667 3008 aoqmsisit
688 2923 837 3008 sangnine
858 2939 924 3002 sno,
947 2919 1192 3005 suffragantibus
1213 2920 1334 2986 meritis
1357 2921 1438 2988 Bao·

199 3023 313 3090 tissimi
336 3025 423 3092 Petri
445 3028 663 3111 Apostolorum
685 3025 849 3111 Principis,
873 3023 927 3110 qni
948 3025 981 3090 in
1003 3025 1061 3090 bac
1075 3024 1216 3090 Romana
1226 3022 1305 3090 Sede
1316 3043 1437 3110 semper

199 3126 278 3194 sirit
298 3148 334 3194 ac
356 3131 521 3213 praesidet,
543 3133 688 3200 diuturno
711 3133 770 3200 hoc
791 3129 987 3216 Apostolicae
1009 3129 1142 3194 Nostrae
1166 3127 1327 3194 servitutis
1352 3131 1436 3196 tem-
1458 3181 1461 3192 .

199 3251 273 3316 poro
293 3233 508 3302 infirmitatem
532 3255 569 3303 ac
591 3239 774 3306 tenuitatem
798 3237 948 3304 Nostram
970 3253 1027 3300 sua
1053 3232 1159 3318 gratia
1188 3251 1226 3298 ao
1255 3233 1370 3300 putate
1398 3233 1436 3299 ad

199 3337 346 3422 majorem
369 3339 419 3406 sni
441 3340 573 3408 nominis
595 3341 726 3431 gloriam
750 3343 782 3408 ot
802 3341 907 3426 populi
930 3340 979 3406 sui
1008 3337 1182 3404 utilitatem
1214 3335 1361 3424 diguatus
1390 3340 1438 3404 est

198 3463 307 3528 rogere
327 3446 361 3510 et
381 3447 568 3514 sustentare.
614 3447 696 3517 Hinc
717 3447 782 3514 Nos
805 3447 908 3512 divino
931 3446 998 3529 ejus
1013 3443 1268 3524 auriliosuffnlti,
1293 3443 1437 3510 constan·

198 3550 306 3632 torque
326 3550 374 3616 nsi
402 3550 539 3620 consiliis
560 3553 637 3618 Vsu.
661 3553 806 3620 ltatrum
828 3551 1015 3619 Nostrorum
1037 3547 1170 3616 Sauone
1192 3547 1349 3614 Romanae
1375 3547 1437 3612 Eo·

57 3662 61 3670 ’
198 3651 312 3718 oleatae
335 3651 546 3722 cardinalium
574 3657 608 3722 ot
638 3675 697 3722 nou
727 3655 822 3722 semel
852 3653 963 3723 vestris
985 3653 1098 3731 etiam,
1123 3651 1199 3718 Van.
1222 3651 1358 3731 Fratres,
1381 3653 1435 3736 qui

199 3755 294 3822 simul
316 3755 368 3822 hio
390 3758 507 3824 Rornm
530 3778 643 3846 magrra
664 3761 839 3845 frequentia
860 3757 1030 3824 Nobiscum
1059 3753 1219 3836 adfuistis,
1247 3755 1329 3823 banc
1357 3757 1437 3824 veri·

197 3859 274 3926 tatis
297 3861 476 3930 cathedram
499 3865 619 3932 vestrae
641 3865 766 3960 vittatis
789 3865 820 3932 et
843 3861 999 3930 unanimis
1021 3861 1147 3946 pietatis
1169 3859 1331 3946 splendore
1346 3861 1436 3928 deco
1562 3859 1563 3906 i

198 3965 314 4042 rantes,
336 3967 493 4048 potuimus
515 3969 547 4034 in
570 3969 662 4053 hujus
686 3967 889 4036 Pontificatus
912 3987 1003 4034 cursu
1026 3985 1062 4034 er
1083 3965 1207 4032 Nostris
1229 3966 1260 4032 et
1291 3963 1434 4034 catholici

197 4068 288 4136 Orbis
309 4071 390 4139 votis
412 4070 650 4156 Oonmptionem
674 4073 824 4158 Deipsrae
846 4072 985 4158 Virginis
1000 4069 1239 4138 immaculatam
1257 4069 1436 4154 dogmatica

196 4174 375 4242 definitione
396 4175 569 4256 declarare,
600 4195 638 4242 ao
667 4177 807 4261 pluribus
831 4176 1001 4262 Religionis
1023 4175 1158 4240 Nostrae
1180 4173 1334 4240 Heroibus
1357 4175 1436 4242 an-

195 4277 289 4346 lestes
311 4277 441 4346 honores
464 4281 635 4362 decernere,
658 4301 788 4366 quorum
811 4283 844 4348 et
864 4281 1048 4365 praesertim
1071 4278 1194 4345 divinae
1210 4279 1323 4346 Matris
1345 4299 1435 4365 preo-

196 4381 275 4448 sidia
298 4383 476 4450 Catholicae
498 4385 656 4452 Ecclesiae
678 4388 744 4452 tam
768 4385 906 4452 adverus
928 4385 996 4469 ejus
1016 4383 1207 4466 temporibus
1222 4386 1345 4467 praesto
1368 4403 1435 4452 esso

195 4486 302 4556 futura
334 4507 393 4556 nou
427 4487 615 4559 dubitamus
637 4534 640 4542 ,
660 4489 791 4558 Divinae
823 4489 941 4574 pariter
974 4487 1041 4572 opis
1073 4487 1134 4554 luit
1168 4489 1200 4556 et
1235 4487 1363 4574 gloriae,
1398 4491 1435 4555 ut

196 4607 285 4658 verae
307 4589 380 4656 fidei
401 4591 508 4658 lumen
528 4593 561 4658 iu
585 4592 710 4660 dissitas
733 4597 765 4661 et
786 4593 959 4678 inhospitas
981 4593 1077 4659 etiam
1092 4593 1234 4680 regiones
1244 4593 1432 4680 evangelicis
