3144 4916
164 245 210 313 IV
357 264 538 338 Ertldrnnp
558 267 610 321 der
628 266 654 322 t.
674 265 813 338 Alpbone
830 281 903 322 snm
922 264 1039 330 Doctcr
1056 245 1222 320 Ecclesiae.

165 436 295 504 Litteris
329 438 553 518 decretalibus,
587 437 698 524 quibus
733 439 891 523 Alpheum
923 437 1056 522 majores
1091 435 1245 504 Caelitum
1277 437 1407 502 honores

166 543 393 613 tribuebantur.
984 537 987 544 ’

275 649 390 716 Verum
415 648 603 734 temporibus
625 648 711 714 bisce
734 647 847 714 nostris
869 647 946 713 adeo
969 646 1153 732 sapientiam
1175 646 1243 730 ejus
1265 647 1410 733 enarrant

171 754 290 837 gentes,
313 755 345 819 et
367 753 490 820 laudem
513 754 578 838 eJ'us
601 753 743 818 enuntiat
762 751 911 832 Ecclesia,
934 754 971 818 ut
993 751 1120 836 plurimi
1142 750 1274 816 Sanctae
1296 750 1410 815 Roma

167 875 225 922 nae
247 857 404 952 Ecclesiae
427 856 617 936 Cardiuales,
641 857 705 922 fere
718 876 823 922 omnes
834 857 932 922 totius
948 856 1039 923 Orbis
1054 855 1219 922 Sacrorum
1232 855 1409 932 Antistites,

167 959 307 1044 Supremi
330 961 557 1046 Religicsorum
581 961 731 1027 Ordinum
754 961 1159 1046 Moderatores,insignium
1171 959 1409 1042 Academiarum

168 1063 334 1150 Theolcgi,
351 1063 504 1154 „illustria
527 1064 748 1149 Oanonieorum
773 1063 928 1150 Collegia,
962 1066 995 1129 et
1017 1063 1101 1130 docti
1135 1083 1170 1128 er
1204 1065 1288 1133 omni
1322 1064 1411 1154 coetu

167 1167 236 1232 Viri
259 1167 411 1254 supplices
441 1167 788 1238 libellosSauctiesimo
809 1169 941 1234 Domino
963 1165 1078 1254 Noslrp
1105 1165 1162 1234 Pio
1184 1159 1239 1234 m.
1267 1166 1411 1233 Pontifici

166 1269 303 1337 Maximo
324 1273 522 1356 porrexerint,
557 1273 669 1356 quibus
704 1273 880 1338 communia
912 1290 1075 1355 exposuere
1108 1274 1191 1350 rota,
1222 1273 1258 1337 ut
1280 1271 1410 1338 Sanctus

170 1375 345 1459 Alpbonsns
364 1375 465 1441 Maria
487 1375 525 1439 de
558 1375 684 1459 Ligurio
712 1375 854 1442 Dectoris
888 1375 1046 1441 Ecclesiae
1068 1374 1163 1441 titulo
1184 1375 1410 1459 honoribusque

167 1479 431 1545 cohonestaretur.
476 1477 634 1544 Sanctitas
658 1477 736 1558 Sua,
771 1499 876 1564 preces
898 1481 1030 1564 benigne
1060 1480 1227 1564 excipiens,
1264 1480 1411 1564 grauiam-

168 1603 256 1648 mum
280 1583 456 1668 hujusmodi
479 1584 640 1668 negocium
664 1583 702 1653 ee
724 1601 808 1654 more
832 1583 995 1653 Sacrorum
1011 1583 1146 1654 artuum
1170 1584 1410 1670 congregationi

167 1686 400 1773 expendendum
424 1687 588 1754 commisit.
633 1687 742 1772 Itaque
764 1689 796 1757 iu
820 1687 993 1755 Ordiuariis
1017 1688 1159 1778 Oomitiis
1181 1689 1221 1755 ad
1244 1687 1410 1755 Vaticanas

169 1793 272 1860 Aedes
296 1781 496 1878 infrascripta
518 1794 567 1858 die
590 1793 727 1858 collectis
750 1793 829 1858 Emi.
855 1797 886 1860 et
907 1795 989 1860 Rmi.
1013 1795 1124 1864 Patres
1155 1792 1334 1860 Oardinalas
1362 1811 1412 1856 se·

169 1898 230 1964 cris
254 1897 378 1963 tuendis
400 1893 525 1963 Eitibus
549 1897 729 1982 praepositi,
766 1895 873 1962 audita
894 1897 1044 1992 relatione
1067 1897 1147 1963 Emi.
1172 1900 1204 1962 et
1230 1897 1313 1964 Rmi.
1336 1895 1415 1962 Oar-

169 1999 284 2068 dinalis
308 1993 503 2067 Constantini
532 1999 652 2066 Patriui
674 1998 817 2086 Episcopi
841 2002 992 2070 Ostiensis
1015 2003 1047 2067 et
1071 1999 1303 2080 Veliterneneis,
1327 1999 1412 2066 Sacri

172 2105 304 2192 Oollegii
334 2105 461 2185 Danant,
486 2105 585 2169 eidem
606 2103 636 2170 S.
660 2100 898 2190 congregationi
934 2107 1106 2184 Praefecti,
1138 2105 1318 2190 ¹Caussaque
1353 2106 1413 2169 Po-

170 2211 294 2289 nentis,
330 2207 531 2276 consideratis
564 2205 891 2276 Animadversionibus
923 2211 960 2276 lt.
1004 2208 1038 2280 P.
1056 2202 1059 2212 ’
1076 2210 1114 2278 Ι).
1157 2211 1245 2276 Petri
1278 2200 1413 2286 Miuetti,

171 2313 303 2380 Sanctae
325 2313 413 2383 Fidei
434 2311 634 2392 Promotoris,
660 2311 786 2378 Patroni
809 2311 927 2379 Oausee
950 2314 1120 2398 responsis,
1144 2333 1200 2380 nec
1231 2307 1290 2394 non
1313 2313 1414 2378 Theo·

172 2419 313 2503 logorum
346 2437 401 2501 pro
436 2415 566 2484 cantata
601 2417 779 2494 sententiis;
811 2418 952 2482 omnibus
974 2415 1104 2504 denique
1128 2415 1320 2484 severissime
1343 2417 1415 2482 hinc
1492 2452 1495 2460 ·

171 2522 243 2588 inde
264 2521 397 2600 libratis,
421 2520 561 2585 unanimi
583 2539 730 2586 consensu
758 2521 989 2588 rescribendum
1011 2524 1212 2589 censuerunt:
1244 2519 1416 2590 Conscien-

173 2627 251 2693 dnrn
266 2626 487 2712 ‚Sanctissimc
511 2646 575 2708 pro
605 2627 797 2692 concessione
816 2645 872 2692 sea
894 2625 1106 2694 declaratione
1128 2635 1157 2693 et
1179 2627 1352 2693 comesione
1375 2625 1418 2690 nd

173 2734 353 2798 nniversam
376 2727 554 2795 Ecclesiam
584 2731 667 2794 tincti
689 2729 838 2796 Dorionis
867 2732 901 2795 in
933 2729 1081 2797 bonorem
1101 2731 1133 2798 S.
1157 2731 1316 2814 Alpbcnsi
1338 2729 1418 2795 Mc·

173 2835 244 2900 rice
266 2831 304 2902 de
325 2833 462 2917 Dipaia
487 2854 556 2898 nem
581 2831 692 2914 Officio
714 2839 744 2898 et
764 2833 873 2900 Missa
894 2833 969 2916 jem
990 2835 1152 2914 concessis,
1175 2835 1284 2900 addito
1309 2834 1417 2914 Oredo,

174 2935 360 3026 Antiphone
381 2934 424 3002 od
436 2935 626 3020 Mcpniricet
648 2937 683 3000 in
704 2938 843 3020 utrinqne
870 2937 1033 3021 Vesperis:
1067 2934 1243 3018 ODoctor,
1279 2959 1316 3006 ac
1339 2939 1418 3004 Lee·

175 3039 312 3108 tionibus
330 3037 363 3128 ΙῙ.
387 3041 560 3106 Nocinnni:
584 3039 785 3125 Sapientiam,
808 3049 836 3108 er
862 3039 960 3110 VIII.
984 3041 1216 3126 Responsorio:
1252 3044 1289 3108 In
1317 3043 1418 3110 medio

175 3145 342 3212 Ecclesiae.
387 3145 446 3210 Die
470 3148 518 3212 ll.
544 3145 652 3210 Martii
676 3147 770 3212 1871.

199 3247 211 3256 ’“
284 3249 485 3314 Postmodum
509 3249 593 3315 lacta
615 3249 725 3330 horum
748 3252 886 3318 omnium
909 3263 941 3317 et
963 3251 1154 3336 singulorum
1170 3251 1420 3318 eidemSanctis·

181 3350 403 3419 simobomino
426 3353 539 3420 Nostro
563 3353 617 3419 Pio
641 3355 744 3438 Papae
762 3349 822 3433 ΙΙΧ.
846 3375 900 3440 per
921 3355 1152 3440 infrascriptum
1175 3355 1271 3438 ipsius
1297 3354 1327 3422 S.
1341 3355 1421 3422 Ocu·

179 3457 370 3542 gregationis
393 3455 599 3524 secretarium
622 3457 706 3524 fideli
729 3458 887 3539 relatione,
911 3457 1067 3524 Sanctitas
1091 3459 1154 3524 Sua
1176 3457 1206 3526 S.
1238 3458 1419 3545 Congrege-

179 3559 273 3629 tiouis
296 3561 495 3646 Rescriptum
522 3561 705 3646 adprobavit
733 3564 766 3628 et
800 3561 1007 3640 confirmavit3
1043 3582 1079 3628 ac
1109 3562 1239 3647 desuper
1270 3561 1421 3636 Generale

181 3665 347 3730 Decretum
370 3663 462 3730 Urbis
494 3668 526 3732 et
549 3666 640 3732 Orbis
655 3664 802 3750 'expediri
831 3666 1005 3749 mandauit,
1030 3663 1080 3732 die
1103 3667 1154 3734 23.
1181 3667 1292 3734 iisdem
1315 3686 1420 3735 mense

181 3771 214 3835 et
236 3788 323 3836 anno.

307 3871 342 3940 C.
365 3873 428 3958 Ep.
453 3873 569 3941 Ostien.
593 3879 620 3940 ei
647 3871 793 3942 Velitern.
818 3873 915 3941 Cnrd.
939 3871 1064 3942 Potrici
1084 3874 1117 3942 S.
1141 3875 1183 3942 R.
1208 3865 1243 3944 0.
1265 3875 1375 3965 Praef.

544 3975 588 4044 D.
612 3977 776 4044 Bariclina'
796 3977 830 4044 S.
853 3977 894 4044 R.
918 3977 953 4046 C.
976 3978 1182 4048 secretarius.
