3144 4916
179 349 231 406 scs
249 347 310 406 rr.
327 349 496 420 maceca
514 347 543 405 a
561 345 607 406 rc.
625 347 705 419 nan
723 347 798 406 rear
815 349 853 404 ce
869 349 935 420 1090
953 347 1137 405 meantum
1155 327 1248 426 pom
1266 327 1355 400 bxv

117 523 186 588 siue
209 521 436 588 intermissione
458 521 665 601 obsecramus,
687 521 725 587 ut
745 520 920 604 praeclaros
940 521 1057 587 vestros
1079 521 1112 586 et
1125 519 1264 588 fidelium
1281 537 1359 589 ‘san-

117 645 182 707 eus,
205 628 237 694 et
259 636 452 692 communem
475 625 636 710 pietatem,
659 623 869 703 dilectionem,
892 623 992 690 zelum
1019 623 1194 705 confirmet,
1224 626 1361 717 roboret,

117 733 248 816 augeat;
271 731 394 816 Vosque
415 730 493 797 item
515 733 548 797 et
569 729 749 796 commissos
772 729 955 815 vigilantiae
979 735 1100 796 vestrae
1122 729 1250 814 populos
1272 730 1359 802 enixe

117 837 288 915 hortamur,
311 837 350 902 ut
369 836 402 902 in
426 835 493 902 dies
513 835 678 902 firmiuset
699 835 824 901 uberius
846 853 906 919 quo
928 833 1055 920 grevim
1070 834 1230 902 dimicatio
1245 837 1357 920 fervet,

115 941 286 1007 Nobiscum
309 939 451 1007 clametis
473 939 512 1006 ad
534 939 713 1020 Dominum,
742 955 802 1024 qno
832 937 897 1022 ipse
927 935 1155 1022 propitiationis
1184 954 1258 1005 enee
1274 937 1356 1008 'dies

116 1047 277 1112 maturare
296 1043 452 1131 dignetur.
498 1041 728 1124 EfficiatDeus,
752 1043 788 1108 ut
799 1039 958 1127 Principes
971 1044 1072 1108 terrae
1083 1058 1214 1127 quorum
1226 1043 1357 1112 maxime

114 1150 256 1230 interest,
279 1169 318 1216 ue
339 1149 405 1215 tale
427 1149 637 1233 usurpationis
659 1167 752 1232 quam
773 1147 839 1214 Nos
860 1145 998 1231 patimur
1020 1145 1193 1232 exemplum
1220 1148 1253 1214 iu
1283 1167 1355 1234 per-

118 1256 231 1321 niciem
253 1253 354 1320 omnis
376 1253 541 1338 potestatis
566 1256 598 1322 et
620 1253 736 1320 ordinis
758 1239 916 1320 statuatur
946 1253 978 1318 et
1007 1245 1130 1338 vigeat,
1161 1273 1223 1320 uua
1252 1272 1357 1322 omues

114 1359 287 1423 animorum
311 1357 343 1422 et
366 1355 562 1423 voluntatum
584 1357 780 1422 consensione
799 1356 984 1442 jungantur,
1012 1375 1048 1420 ac
1078 1356 1209 1422 sublatis
1240 1355 1357 1426 discor·

115 1459 186 1542 diis,
209 1459 327 1526 sedatis
350 1459 552 1526 rebellionum
574 1459 870 1544 perturbationibus,
894 1456 1032 1544 disjectis
1056 1457 1232 1526 exitialibus
1255 1463 1357 1533 secta·

114 1585 185 1632 rum
206 1563 352 1643 consiliis,
375 1565 571 1648 conjunctam
584 1584 708 1648 operam
719 1565 843 1643 navent,
865 1564 1120 1630 utreetituantur
1142 1561 1258 1632 huicS.
1283 1563 1355 1632 Sedi

115 1689 174 1735 sua
191 1668 264 1754 jura
286 1667 318 1733 et
340 1687 410 1734 cum
444 1667 484 1734 iis
518 1665 633 1734 visibili
666 1668 823 1735 Ecclesiae
847 1667 1027 1752 capitisue
1048 1667 1140 1754 plena
1162 1667 1303 1750 libertas,
1324 1671 1356 1736 et

113 1771 200 1838 civili
222 1773 365 1838 societati
387 1773 496 1856 optata
517 1773 738 1860 tranquillitas.
783 1773 849 1838 Nec
871 1773 984 1848 miuus,
1008 1769 1205 1840 Venerabilcs
1224 1773 1354 1857 Fratres,

112 1877 328 1961 deprecatione
351 1877 455 1942 vestra
478 1879 510 1943 et
530 1875 685 1944 Fidelium
709 1878 791 1962 apud
814 1876 951 1945 divinam
975 1875 1169 1943 elementiam
1193 1877 1354 1961 exposcite,

112 1983 151 2047 ut
173 1981 267 2047 corda
289 1981 464 2065 impiorum,
488 1979 637 2047 coecitate
660 1981 811 2046 mentium
835 1979 972 2065 depulsa,
996 1974 1269 2064 adpoeniteniiem
1283 2000 1356 2048 con-

114 2087 218 2151 vertat
240 2087 408 2179 antequam
431 2085 537 2150 veniat
559 2081 623 2150 dies
645 2083 772 2151 Domini
794 2103 925 2170 magnus
948 2088 980 2149 et
992 2083 1158 2166 horribilis,
1182 2085 1237 2151 aut
1257 2086 1356 2170 repri-

111 2189 225 2254 mendo
248 2208 352 2256 eorem
382 2188 516 2255 nefanda
546 2187 674 2257 consilia
702 2189 845 2256 ostendat
877 2207 969 2274 quam
1005 2187 1186 2272 insipientes
1208 2192 1241 2256 et
1262 2191 1354 2257 stulti

112 2295 190 2359 sunt
212 2295 265 2378 qui
296 2294 418 2378 petram
453 2313 471 2360 a
495 2293 618 2364 Christe
651 2293 815 2360 fundatam
850 2295 986 2358 evertere
1010 2294 1041 2357 et
1064 2287 1168 2358 divina
1190 2292 1354 2379 privilegia

115 2396 231 2462 violare
253 2398 447 2479 conectunt.
492 2399 530 2464 In
565 2398 613 2464 bis
645 2397 787 2482 precibus
820 2413 889 2481 spes
921 2394 1053 2464 Nostrae
1086 2391 1206 2462 firmius
1234 2395 1267 2462 iu
1289 2395 1354 2464 Deo

114 2502 296 2568 consistant.
350 2497 534 2569 {Putatisne
568 2505 707 2569 avertere
738 2503 853 2588 poterit
885 2499 981 2566 Deus
1004 2519 1109 2566 aurem
1144 2517 1163 2564 a
1196 2499 1355 2566 cadesima
1444 2572 1446 2580 ,

111 2606 230 2690 Sponsa
251 2627 317 2690 sua,
342 2627 412 2673 cum
435 2607 618 2674 clamaverit
639 2589 947 2673 stane'adversuseos
964 2605 1062 2691 quise
1074 2601 1354 2690 angustiaveruntl

114 2710 273 2792 Quomodo
296 2730 355 2778 nou
378 2715 577 2798 recognoscet
599 2731 632 2779 os
655 2711 693 2778 de
716 2711 835 2778 ossibus
857 2711 922 2777 suis
944 2713 1111 2777 etcaxuem
1134 2705 1353 2788 decernesuo,

110 2815 267 2881 imovero
296 2817 363 2901 jam
396 2816 621 2902 quodammodo
656 2817 801 2900 spiritum
835 2815 873 2880 de
906 2813 1019 2902 spiritu
1041 2807 1119 2880 suoi
1146 2809 1203 2878 liet
1226 2809 1350 2898 quidem

109 2938 191 2985 nune
213 2921 289 2987 hora
310 2919 450 2988 malitiae
473 2923 506 2988 et
526 2923 664 3006 potestas
685 2919 893 2986 tenebrarum.
940 2915 1352 2985 Ceterumhoranovissima

110 3025 160 3089 est
182 3026 214 3090 et
235 3025 372 3109 potestas
406 3025 467 3090 cito
500 3025 625 3093 transit.
668 3025 729 3092 Dei
762 3025 863 3092 virtus
897 3026 929 3089 et
951 3021 1009 3089 Dei
1032 3021 1184 3108 sapientia
1207 3019 1351 3087 Christus

109 3127 282 3194 Nobiscum
304 3131 351 3195 est
373 3131 426 3214 qui
450 3129 534 3196 et'in
559 3147 653 3197 cauea
668 3131 725 3197 cet.
771 3127 934 3208 Confidite,
955 3130 1021 3213 ipse
1035 3123 1348 3210 ''vicitmundum²).‹

110 3231 240 3298 Interim
264 3250 369 3300 vocem
392 3236 535 3299 aeternae
557 3231 699 3298 veritatis
721 3249 832 3317 magno
856 3233 959 3297 auimo
982 3233 1014 3298 et
1035 3233 1121 3298 certa
1149 3229 1210 3296 ilde
1241 3227 1351 3312 sequa-

110 3353 182 3401 mur
201 3355 279 3420 quae
303 3335 394 3403 dicit:
417 3357 472 3424 pro
491 3337 617 3422 justitia
640 3335 802 3422 agonizare
824 3355 879 3419 pro
902 3337 1007 3402 anima
1028 3335 1095 3414 tua,
1123 3336 1154 3400 et
1184 3351 1281 3418 usqne
1311 3331 1351 3398 ad

109 3439 244 3505 mortem
265 3441 351 3507 certa
372 3461 426 3526 pro
445 3439 581 3526 justitia,
605 3441 637 3506 et
658 3439 742 3506 Deus
765 3439 953 3524 expugnabit
975 3459 1029 3523 pro
1041 3441 1073 3505 te
1084 3438 1225 3504 inimicos
1236 3435 1352 3524 tuoni).

215 3543 380 3610 Uberrima
409 3543 533 3611 demum
550 3542 730 3610 caelestium
757 3545 931 3628 gratianum
945 3557 1074 3608 munera
1086 3539 1192 3621 Vobis,
1213 3538 1352 3608 Venena·

109 3647 191 3712 biles
214 3647 351 3727 Fratres,
375 3649 555 3734 cuncteque
568 3648 696 3715 clericis
713 3647 876 3732 Laicisqne
887 3645 1031 3712 fidelibus
1043 3645 1191 3732 cujusque
1205 3643 1350 3712 Vestrum

109 3767 202 3816 curae
225 3751 409 3817 concreditis
443 3751 548 3819 aDeo
583 3771 618 3818 ex
651 3751 752 3818 auimo
781 3751 991 3836 adprecantes,
1013 3751 1195 3836 praecipuae
1218 3749 1351 3817 Nostrae

110 3873 186 3942 erga
209 3853 270 3920 Vos
293 3857 386 3940 atque
408 3855 493 3941 Ipsos
515 3856 705 3941 intimaeque
729 3853 869 3921 caritatis
891 3855 1004 3940 pignus
1027 3853 1239 3939 Apostolicam
1251 3853 1350 3920 Beue·

110 3957 278 4024 dictionem
299 3957 394 4025 Vobis
417 3959 587 4046 iisdemque
608 3959 730 4026 dilectis
752 3957 841 4024 Filiie
862 3961 1059 4043 peramanter
1081 3955 1285 4042 impertimus.

215 4061 333 4128 Datum
356 4063 473 4130 Romae
495 4065 577 4152 apud
607 4063 639 4131 S.
669 4063 798 4131 Petrum
828 4059 878 4128 die
907 4061 1138 4160 decimaquinta
1167 4057 1246 4147 Maji
1272 4079 1351 4128 anno

111 4165 239 4232 Domini
261 4165 516 4234 Moocotxxl.

217 4287 422 4356 Pontificatue
444 4289 552 4356 Nostri
574 4289 664 4356 Auno
685 4287 949 4374 vicesimoquinto.
1078 4285 1081 4292 '

110 4437 423 4449 ..0-—-.--‹---v--

219 4515 245 4584 1)
263 4515 290 4570 S.
308 4513 391 4584 Grog.
408 4514 470 4570 VII.
488 4531 528 4588 ep.
547 4514 571 4570 6.
589 4513 607 4570 l
626 4515 651 4570 3.

216 4601 244 4671 2)
264 4602 290 4658 S.
308 4601 389 4656 Bern.
406 4599 455 4673 llp.
475 4601 532 4657 126.
550 4617 577 4656 n.
596 4599 620 4655 6.
639 4601 667 4655 et
685 4597 726 4656 14.

215 4687 244 4758 3)
262 4687 334 4743 Eool.
351 4687 378 4744 4.
397 4689 440 4744 83.

165 4811 528 4856 mhvmffll.
