3144 4916
280 1129 380 1242 Vom
418 1132 555 1268 Papst
591 1131 674 1242 und
710 1131 1038 1243 Vaticmiscben
1077 1130 1233 1242 concil.
1290 1242 1293 1250 ,
1368 1083 1372 1091 ¹

475 1587 496 1670 Ι.
525 1587 709 1669 demotum
738 1585 837 1666 drbts
864 1588 900 1666 ot
925 1585 1038 1667 urbia

155 1727 355 1812 (lllrlrldrurp
379 1725 434 1792 des
455 1725 486 1792 b.
509 1723 655 1807 Alpheos
677 1745 738 1792 ooo
760 1723 894 1808 Ltpuorc‘
915 1743 988 1790 aum
1010 1723 1127 1792 Doctor
1150 1723 1337 1808 Ecclesiae.)
1381 1716 1384 1725 ⁴

237 1849 406 1926 Intonsos,
430 1847 482 1931 qui
505 1845 644 1912 fecerunt
667 1849 699 1912 et
721 1846 902 1924 docuerunt,
926 1865 1061 1930 quosque
1084 1845 1234 1920 Dominus
1258 1845 1383 1928 Noster

125 1952 220 2016 Jesus
243 1950 386 2018 Christus
410 1963 543 2036 'magnos
565 1949 630 2016 fore
653 1949 774 2014 vocavit
795 1950 829 2014 in
851 1949 958 2034 Regno
981 1947 1154 2029 Oculorum,
1189 1949 1300 2018 merito
1321 1969 1371 2016 re-

125 2055 296 2120 censendus
319 2057 367 2120 est
389 2054 524 2121 Sanctus
544 2051 726 2136 Alpionsves
747 2051 863 2118 Morio
886 2054 924 2120 dc
949 2052 1090 2138 leporio,
1115 2051 1370 2140 congregationis

125 2179 143 2225 a
166 2159 370 2226 Sanctissimo
399 2159 604 2242 Redemptore
624 2159 792 2226 Institutor
820 2161 852 2223 et
873 2155 1006 2223 Sanctae
1028 2158 1174 2244 agathae
1197 2155 1370 2228 Gothorum

123 2263 304 2362 Episcopus.
348 2263 409 2328 Hic
430 2263 584 2330 virtutum
607 2264 744 2328 omnium
774 2261 913 2346 exempla
945 2262 1079 2342 faciens,
1113 2264 1212 2330 veluti
1244 2265 1371 2332 lucerna

124 2387 218 2452 supra
251 2365 471 2436 candelabrum
487 2369 603 2452 ,posita
637 2369 783 2458 omnibus¹
812 2367 1089 2450 Christifidelibus,
1125 2369 1176 2452 qui
1207 2369 1242 2433 in
1271 2365 1382 2434 Domo

124 2473 185 2538 Dei
207 2478 289 2550 sunt,
313 2474 389 2540 adeo
412 2473 526 2551 illuxit,
549 2473 669 2538 utiam
690 2475 774 2540 inter
801 2473 883 2537 cives
914 2471 1097 2538 Sanctorum
1124 2475 1157 2538 et
1185 2471 1369 2539 domesticos

122 2577 184 2642 Dei
205 2578 301 2643 luerit
322 2577 450 2642 relatus.
496 2575 584 2656 Quod
607 2578 713 2642 autem
736 2577 844 2640 sancta
864 2577 1039 2660 operatione
1062 2575 1243 2659 complevit,
1267 2576 1369 2642 verbis

124 2681 222 2747 stiam
245 2681 277 2746 et
300 2680 424 2764 scriptis
446 2679 561 2747 docuit.
606 2678 763 2764 Siquidem
786 2680 851 2764 ipse
874 2697 1010 2746 errorum
1034 2679 1176 2748 tenebras
1203 2679 1241 2745 ab
1266 2662 1385 2746 Inone-⁵

123 2785 206 2850 dulis
229 2787 262 2850 et
282 2785 480 2851 Jansenianis
494 2785 566 2851 'late
581 2780 718 2851 'diffusas
742 2785 841 2852 doctis
871 2783 1014 2868 operibus
1044 2785 1236 2868 maximoque
1268 2785 1369 2859 Theo·

123 2890 227 2974 logiae
248 2887 376 2956 Moralis
405 2886 646 2958 tractationibus
669 2886 798 2973 dispulit
823 2891 916 2973 atque
938 2887 1077 2954 dimovit.
1123 2887 1262 2955 Obscura
1281 2870 1385 2957 insn-x

125 3013 181 3076 per
204 2991 398 3070 dilucidavit,
423 2991 578 3077 dubiaque
602 2989 788 3083 declaravit,
816 2983 894 3058 'cum
917 2994 1006 3076 inter
1021 2993 1171 3078 impleras
1194 2989 1367 3078 Theologo·

122 3115 192 3160 rum
216 3095 281 3161 sive
302 3095 433 3160 laxiores
455 3093 519 3162 sive
553 3096 715 3182 rigidiores
750 3097 921 3174 sententias
955 3098 1058 3162 tutam
1093 3093 1240 3162 straverit
1273 3096 1366 3178 viam,
1476 3175 1479 3186 Ι

123 3219 178 3282 per
201 3219 293 3283 quam
317 3199 574 3267 christifidelium
597 3201 770 3266 animarum
792 3201 1000 3266 moderatores
1022 3199 1168 3266 inoffenso
1183 3192 1265 3286 pedc'
1281 3200 1367 3266 inee-

124 3303 196 3368 dere
217 3306 352 3390 possent.
376 3301 535 3388 Simulque
548 3301 770 3369 Immaculatae
793 3303 944 3388 Deiparae
961 3301 1174 3388 Conceptionis
1197 3304 1228 3370 et
1244 3302 1367 3406 Summi

124 3407 286 3473 Pontificio
327 3427 362 3473 er
397 3407 554 3474 cathedra
587 3407 725 3476 docentis
759 3405 996 3474 infallibilitatis
1031 3407 1204 3496 doctrinas¹
1222 3408 1366 3486 accurate

124 3511 297 3577 illustravit
318 3532 354 3578 ac
376 3515 501 3578 strenua
525 3511 673 3592 asseruit,
697 3532 775 3596 quae
798 3513 906 3596 postea
927 3532 1001 3580 aevo
1023 3513 1082 3578 hoc
1108 3512 1212 3578 nostro
1235 3511 1367 3608 dogma-
1499 3575 1501 3586 ,

124 3615 204 3681 tioae
238 3615 412 3682 declaratae
444 3615 527 3682 sunt.
578 3615 811 3700 Scripturarum
844 3616 974 3700 denique
993 3613 1187 3702 ,aenigmata
1218 3613 1369 3698 reseravit

125 3721 193 3784 tum
227 3717 260 3785 in
294 3720 434 3786 asceticis
467 3720 742 3799 lucubrationibus,
776 3716 904 3785 caelesti
933 3721 1067 3803 quadam
1094 3719 1247 3785 suavitate
1271 3719 1367 3785 refer·

126 3825 177 3902 tis,
200 3824 268 3889 tum
290 3825 323 3890 in
345 3825 548 3894 saluberrimo
570 3824 703 3909 quodam
728 3823 965 3903 Commentario,
989 3844 1048 3907 quo
1069 3825 1209 3893 Psalmos
1232 3824 1264 3889 et
1285 3823 1366 3890 Can-

125 3927 190 3993 tica
211 3925 244 3993 in
259 3929 371 3994 Divino
383 3928 491 4012 Officio
515 3947 534 3994 a
558 3925 685 3996 Cleriois
708 3925 867 3994 recitanda
890 3928 931 3994 ad
953 3947 1058 3994 eorum
1080 3923 1229 4012 pietatem
1258 3929 1366 3995 foven-

127 4030 198 4098 dam
220 4034 253 4098 et
275 4035 412 4098 mentam
435 4033 633 4099 erudiendam
657 4033 840 4116 explanavit.
886 4029 1045 4098 Summam
1068 4032 1219 4118 Alpbonsi
1244 4033 1365 4116 sepien-

126 4135 201 4201 tiam
224 4136 288 4202 iam
311 4137 481 4204 demiratus
502 4137 605 4203 fuerat
628 4137 703 4202 Pius
718 4135 875 4219 Septimus
897 4154 941 4200 sa.
964 4155 1035 4214 ma,
1059 4155 1189 4221 eumque
1212 4155 1366 4202 commen·

127 4238 253 4306 daverat
281 4241 355 4324 qnia
384 4261 455 4306 occe
485 4247 515 4306 et
542 4241 672 4322 scriptis
705 4241 740 4305 io
771 4241 876 4305 aredio
909 4240 1028 4306 saecoli
1067 4247 1153 4308 noae
1187 4241 1366 4308 arantibus

125 4343 210 4409 ciam
231 4345 378 4427 justitiae
399 4345 550 4425 ostendit,
578 4365 641 4428 por
662 4365 759 4427 mcum
773 4349 905 4425 possent
925 4345 964 4411 de
991 4351 1142 4426 potestate
1170 4346 1366 4412 tenebrarum

127 4449 265 4514 tonsae
296 4449 332 4514 c'a
353 4447 418 4514 Dei
440 4450 544 4515 lamen
565 4456 594 4515 et
614 4469 753 4534 capsam.
798 4449 906 4533 Neque
929 4449 1040 4521 minori
1062 4450 1154 4516 laude
1180 4453 1366 4518 veneream

126 4553 198 4631 vim,
219 4555 358 4635 copiam
380 4557 621 4638 varietatemque
643 4555 806 4622 maranae
828 4555 860 4619 in
890 4555 980 4620 libris
1012 4555 1051 4621 ab
1085 4556 1151 4639 ipso
1185 4555 1365 4639 conscriptis

16 4755 17 4760 ἵ
127 4657 330 4741 prosequutus
364 4661 413 4726 est
439 4659 520 4724 alter
542 4658 688 4726 Summos
710 4659 853 4727 Pontifex
876 4657 1045 4746 Gregorius
1066 4659 1150 4728 XVL
1174 4681 1219 4728 sa.
1249 4681 1309 4728 mo.
1332 4661 1365 4726 in

1111 4764 1294 4831 1*-
