3144 4916
224 311 277 395 prr
294 311 355 404 pp.
373 308 546 382 ananan
565 307 599 396 a.¹
611 305 690 396 aaa,
708 305 779 380 rear
798 307 835 364 aa
850 305 917 377 rae,
928 303 1118 380 paam.
1138 321 1211 382 aaa.
1246 283 1405 372 rbxxvrl

165 503 216 552 ces
238 487 271 551 et
292 485 553 555 sacramentorum
575 502 667 552 usum
687 483 752 554 Deo
772 483 894 570 gratias
916 481 1051 568 agebant
1074 479 1282 566 debenetcio
1306 479 1404 550 Nobis

167 589 288 672 collato,
311 589 342 658 et
364 589 520 682 instanter
540 588 579 654 ab
602 587 668 672 ipso
690 587 848 659 Ecclesiae
873 587 1032 670 uictoriam
1062 587 1273 672 postulabant.
1319 587 1405 654 Moe·

167 713 268 780 rorem
289 693 406 774 cutem,
429 711 578 776 curasque
600 691 732 758 Nostrae
753 711 812 766 non
834 691 933 758 levari
954 690 1056 770 modo,
1077 691 1133 760 sed
1156 693 1189 758 et
1210 690 1405 776 ingaudium

167 799 302 874 converti
325 797 477 887 sensimus
499 817 518 864 a
539 796 717 878 litterarum
740 799 912 864 uestrarum
937 795 1211 882 gratulationibus,
1242 795 1405 880 obsequiis,

170 902 258 989 uotis,
291 921 309 966 a
344 901 528 966 creberrimo
562 898 700 966 fidelium
734 899 870 986 undique
903 898 1123 971 confluentium
1161 899 1308 980 aduentu,
1331 918 1407 984 quos

169 1005 251 1072 inter
272 1004 400 1089 plurimi
434 1004 611 1070 eminebant
642 1003 804 1073 nobilitate
836 1003 970 1092 generis,
985 1005 1051 1088 'aut
1078 1003 1287 1089 dignitatibus
1308 1004 1408 1072 eccle-

168 1109 311 1189 siasticis⁴
326 1107 375 1178 rel
397 1109 540 1178 ciuilibus
564 1111 767 1194 praestantes,
790 1107 844 1174 sed
866 1107 927 1174 tide
949 1107 1131 1186 nobiliores,
1145 1107 1282 1194 „quique
1302 1126 1408 1177 omnes

169 1213 282 1278 affectu
305 1212 337 1277 ct
360 1231 450 1296 opere
469 1213 572 1306 juncti
594 1211 749 1298 plerisque
770 1231 808 1281 er
830 1212 922 1280 istius
943 1212 1030 1280 urbis
1051 1213 1083 1278 et
1095 1213 1315 1296 occupatarum
1338 1231 1409 1296 qro-

130 1341 137 1352 ·
169 1317 341 1384 vinciatum
362 1317 493 1403 ciuibus,
514 1317 575 1384 buc
597 1335 616 1381 a
638 1316 755 1386 dissitis
777 1317 873 1389 etiam
901 1313 1080 1404 regionibus
1109 1314 1324 1393 convolarunt,
1353 1315 1408 1380 iis·

171 1419 301 1506 demque
324 1439 357 1486 se
376 1409 518 1506 'objicere
546 1421 708 1487 uoluerunt
735 1419 880 1505 periculis
910 1422 947 1488 ot
974 1415 1179 1508 contumeliis,
1209 1418 1321 1504 quibus
1346 1419 1409 1486 Nos

172 1542 276 1592 sumus
298 1523 429 1604 obnomi,
452 1526 489 1590 ut
510 1543 613 1596 coram
635 1525 826 1590 testarentur
848 1523 1008 1610 religiosus
1030 1542 1102 1590 snos
1124 1543 1310 1608 suorumque
1338 1542 1410 1594 con·

173 1628 286 1694 civium
308 1645 384 1714 erga
413 1628 478 1694 Nos
510 1647 634 1707 sensus,
664 1629 823 1714 Nobisque
851 1628 1007 1696 volumina
1029 1629 1185 1708 afferrent,
1208 1629 1319 1714 quibus
1341 1629 1411 1713 plu·

173 1730 253 1798 rima
275 1733 406 1800 centena
432 1731 533 1798 millia
562 1733 701 1800 fidelium
730 1753 765 1800 er
794 1734 878 1800 omni
907 1735 1011 1821 gente,
1035 1734 1157 1820 proprio
1180 1734 1335 1818 adscripto
1358 1751 1412 1800 no-

174 1833 267 1914 mine,
288 1835 395 1902 Nostri
429 1837 619 1920 principatus
651 1836 841 1906 iuvasionem
875 1837 1023 1904 acorrima
1057 1831 1263 1924 contigebant,
1286 1838 1412 1924 ejusque

175 1933 404 2009 restitutionem
439 1959 457 2004 a
491 1940 649 2026 religione,
683 1940 818 2024 jmtitia,
852 1941 981 2026 ipsaque
1008 1941 1159 2032 civilitate
1181 1941 1358 2026 flagitatam
1381 1941 1414 2006 et

176 2041 379 2128 praeceptam
396 2043 534 2137 grauiter
553 2044 802 2138 *expostulabant
845 2044 914 2112 Hac
936 2064 1007 2136 uero
1029 2046 1186 2114 occasione
1201 2046 1281 2130 stips
1294 2062 1413 2130 quoqne

178 2142 275 2212 Nobis
298 2145 389 2214 solito
410 2147 527 2234 largior
549 2147 679 2228 minxit,
702 2167 764 2233 qua
785 2167 933 2234 pauperes
954 2149 1048 2236 simul
1070 2169 1108 2219 ac
1130 2148 1412 2217 diuitsaoocurrare

177 2249 282 2316 conati
303 2254 377 2316 sunt
394 2238 508 2319 ‘factm
530 2253 626 2319 Nobis
652 2253 783 2341 inopiae,
808 2252 857 2320 cui
886 2269 1040 2320 accessere
1063 2273 1191 2320 munera
1214 2251 1411 2336 multiplicia,

180 2353 284 2447 uaria,
306 2353 514 2438 nobilissima,
540 2355 795 2442 splendidumque
825 2359 1063 2424 christianarum
1087 2359 1202 2424 artium
1225 2359 1258 2426 et
1278 2357 1418 2441 ingenio-

179 2477 249 2543 rum
272 2457 426 2550 tributum
449 2459 632 2528 relevandae
653 2447 838 2545 praesertim
871 2462 1137 2532 accommodatum
1171 2461 1287 2548 duplici
1320 2460 1418 2528 Nebis

182 2557 288 2630 uDen
312 2582 471 2630 concessae
492 2567 641 2648 potestati
663 2565 821 2652 spirituali
844 2583 880 2634 ae
894 2566 1024 2659 ¹regiam
1047 2569 1079 2632 et
1107 2567 1267 2650 practerea
1296 2565 1419 2648 copiosa

182 2664 403 2754 splendidaque
425 2670 560 2754 supellex
582 2687 739 2740 sacrarum
763 2669 895 2739 uestium
918 2671 955 2744 ct¹
972 2669 1164 2750 umnsilium,
1186 2687 1246 2754 qna
1283 2668 1420 2751 squalori

182 2773 215 2837 et
236 2773 369 2858 egestati
406 2775 454 2839 tot
488 2770 695 2842 declamarem
730 2771 865 2860 undique
898 2791 1056 2840 occurrere
1088 2789 1255 2860 possemus.
1304 2771 1420 2838 Mirum

184 2877 266 2942 certe
279 2879 498 2962 ¹spectaculum
522 2879 654 2947 unitatis
677 2878 862 2960 catholicae,
880 2878 1132 2966 quoderidenter
1145 2877 1290 2972 ostendit,
1314 2875 1421 2942 Eccle-

185 2981 262 3047 siam
286 2967 471 3064 uniuersam,
505 2983 580 3062 licat
612 2986 679 3052 totu
714 2983 858 3052 diffusam
881 2984 965 3064 orbe,
998 2975 1205 3071 gentibusque
1229 2981 1422 3063 compactam

185 3083 359 3180 disparibus
392 3089 541 3168 moribus,
573 3089 707 3181 ingenie,
740 3087 863 3168 studiis,
891 3107 950 3154 uno
973 3087 1134 3177 informari
1156 3085 1215 3152 Dei
1239 3083 1366 3170 spiritu;
1390 3086 1423 3150 et

166 3189 221 3254 'ec
242 3189 448 3284 prodigiosius
470 3191 509 3258 ab
530 3193 597 3276 ipso
616 3192 796 3270 confortari,
819 3191 1046 3287 qnopluricsius
1075 3190 1164 3259 illam
1192 3189 1365 3256 insectatur
1391 3188 1424 3254 et

187 3281 280 3379 urget
300 3295 455 3379 impietas,
479 3296 511 3362 et
532 3315 593 3381 quo
614 3295 759 3363 ‹allidim
780 3296 865 3366 omni
890 3308 991 3380 tpccm
1020 3295 1155 3362 hnmano
1183 3293 1297 3363 aurito
1326 3292 1424 3358 desu-

187 3402 275 3467 tnsre
308 3399 455 3467 amena.
490 3399 614 3466 Effusae
633 3399 745 3485 igitar
776 3403 810 3466 et
841 3401 1003 3466 maximae·
1028 3398 1066 3464 ur
1096 3398 1218 3482 gratiis
1241 3397 1424 3476 habeantur,

190 3502 243 3588 qui
265 3502 341 3570 dum
362 3503 408 3583 ita
429 3501 484 3570 dat
504 3504 636 3590 moriam
659 3503 776 3574 nomini
796 3523 859 3585 sao,
883 3523 936 3588 per
958 3505 1152 3587 praesentem
1173 3504 1272 3587 ipsam
1302 3500 1426 3588 uitatis

189 3607 315 3691 opisque
344 3625 418 3672 suae
448 3601 742 3676 demonstiationem
771 3604 904 3674 afflictas
934 3602 1029 3692 erigit
1058 3609 1177 3673 mentes
1197 3605 1239 3672 ad
1263 3626 1351 3691 spem
1374 3609 1425 3670 in-

190 3709 278 3775 dubii
299 3709 462 3794 triumphi.
507 3708 621 3776 Verum
645 3713 671 3776 sl
696 3714 843 3777 bonorum
867 3711 1004 3776 omnium
1027 3709 1128 3775 datori
1162 3709 1238 3775 haee
1264 3709 1427 3776 referimus

190 3815 335 3898 acceptar
357 3813 651 3904 gratissimolaimul
674 3812 883 3882 animisensu
900 3811 1112 3896 ,affieimnrin
1140 3833 1207 3892 eos,
1239 3814 1291 3898 qui
1319 3832 1351 3879 sa
1379 3813 1428 3878 in-

190 3920 365 3984 aucmenta
397 3918 580 4000 praebentes
613 3917 736 3994 diuinas
768 3919 987 4006 providentiae,
1021 3919 1084 3987 Nos
1116 3918 1199 3984 omni
1231 3915 1430 3982 cnnrnlarunt

190 4021 310 4098 auxilii,
331 4021 446 4102 solatii,
470 4021 618 4108 obsequii,
642 4023 822 4102 deuotionis,
849 4025 963 4090 amoris
990 4023 1101 4090 officio.
1154 4019 1293 4088 Sublatis
1323 4021 1430 4086 autem

192 4124 232 4190 ad
266 4127 387 4192 caelum
424 4125 522 4191 oculis
555 4146 592 4193 ac
624 4124 775 4206 manibus,
807 4127 958 4212 quidquid
986 4126 1162 4212 hujusmodi
1186 4127 1357 4210 impensum
1382 4123 1430 4189 est

193 4229 291 4298 Nobis
326 4250 345 4296 a
381 4230 454 4296 liliis
486 4229 610 4300 Nostris
643 4231 676 4297 in
710 4231 831 4298 nomine
855 4231 980 4298 Domini
1003 4233 1040 4298 lii
1063 4231 1228 4309 offerimus,
1252 4229 1338 4296 enias
1360 4245 1433 4312 pos-

194 4335 310 4416 centes,
333 4337 370 4403 ut
392 4335 606 4402 communibus
629 4352 734 4402 corum
757 4335 836 4402 sotis
859 4355 913 4420 pro
936 4337 1027 4422 hujus
1054 4335 1187 4402 Sanctae
1218 4331 1305 4400 Sedis
1332 4331 1430 4398 liber·

194 4441 271 4517 tate,
294 4460 349 4524 pro
372 4440 527 4506 Ecclesiae
550 4441 690 4520 victoria,
712 4458 767 4528 pro
790 4441 897 4506 muudi
919 4439 1147 4524 tranquillitate
1161 4437 1262 4504 citius
1285 4437 1431 4504 obsecun-

194 4543 259 4623 det,
282 4544 314 4610 et
336 4543 509 4610 liberaliter
531 4545 695 4636 unicnique
719 4545 751 4610 in
774 4545 961 4612 caelestibus
984 4563 1020 4610 ac
1041 4542 1240 4610 terrestribus
1262 4541 1349 4607 illam
1380 4559 1433 4608 rc·

196 4647 278 4716 terat
310 4649 456 4736 gratiam,
480 4669 582 4753 ‚quam
618 4647 682 4720 Nos
715 4647 827 4716 reterre
860 4647 1033 4734 nequimus.
1077 4645 1260 4738 Signilioare
1295 4643 1433 4730 prolecto
