3168 4918
167 293 220 348 aa
237 291 291 346 rx.
310 294 356 347 osc.
376 293 456 348 ores.
475 293 506 346 s.
524 292 549 344 r.
569 292 634 350 aaa
653 293 725 348 rear
745 293 782 347 ae
802 291 856 348 co.
872 293 952 360 festo
972 308 995 347 e.
1013 293 1151 362 sorapis.
1185 271 1361 342 CXXXVII
1394 235 1430 286 *

121 464 294 532 mncffium
326 463 512 530 Vaticanum
545 463 722 544 haberetur,
756 464 795 529 ab
831 464 914 531 omni
936 463 1075 529 fidelium
1098 466 1188 532 coetu
1212 468 1254 547 et,
1277 467 1362 550 quod

119 571 253 636 manime
280 570 419 650 inherent,
451 589 471 636 a
496 569 638 653 plurimis
667 587 703 634 err
733 569 970 635 Venerabilibus
990 570 1154 636 Fratribus
1183 571 1307 638 Nostris
1330 570 1368 637 S·

120 673 156 738 R.
179 673 337 740 Ecclesiae
360 673 575 740 Oardinalibus
596 676 631 740 et
652 673 810 758 Episcopis
832 676 997 740 renovatas
1019 675 1113 754 lucre,
1136 676 1250 761 quibua
1269 676 1376 761 flagi·-

119 778 242 857 tabant,
274 780 312 843 ut
342 778 491 844 luctuosis
518 778 607 844 bisce
643 779 834 862 temporibus
854 779 895 844 ad
917 778 1000 844 mala
1021 781 1126 846 omnia
1147 781 1363 866 propulmnda,

120 899 200 965 quae
222 881 287 947 Nos
307 881 442 965 undique
466 883 662 963 conturbant,
686 881 841 950 efficacius
861 883 920 948 Dei
943 883 1174 950 miserationem
1185 904 1240 969 par
1250 885 1364 951 marita

122 987 154 1050 ct
175 985 426 1051 intercessionem
448 983 556 1052 Sancti
585 985 714 1070 Josephi
741 1005 945 1066 sacraremus,
975 987 1070 1052 Illum
1102 985 1290 1055 Catholicae.
1303 990 1363 1054 Ec-

122 1089 234 1155 clesiae
264 1091 434 1155 Patronem
457 1088 659 1157 declarantes.
682 1091 747 1158 Nos
769 1091 876 1176 itaque
898 1093 981 1158 hisce
1002 1092 1265 1176 postulationibus
1286 1093 1364 1160 moti

120 1192 234 1259 Divino
255 1195 373 1261 lumine
394 1195 535 1262 invocato
557 1197 605 1262 tot
628 1216 665 1264 ec
686 1199 753 1262 tam
775 1196 834 1280 piis
858 1197 937 1264 votis
959 1197 1157 1262 annuendum
1178 1197 1369 1280 censuimus,-

122 1318 158 1364 ac
175 1299 340 1382 peculiari
380 1301 512 1367 Decreta
546 1301 679 1366 Nostrae
719 1298 882 1366 Sacrorum
924 1301 1054 1367 Rituurn
1098 1301 1364 1388 congregationis,

120 1403 202 1487 qucd
229 1404 311 1468 inter
339 1404 506 1470 Missurum
536 1404 685 1470 solemnia
706 1405 738 1470 in
767 1406 892 1471 Nostris
920 1406 1185 1472 Patriarcbalibus
1220 1407 1365 1474 Basilicis

121 1507 342 1588 Lateranensi,
372 1509 526 1574 Vaticana
567 1527 603 1574 ac
632 1508 797 1575 Liceriana
834 1509 884 1575 dis
908 1510 1011 1576 {VlIL
1050 1509 1230 1579 Decembris
1266 1512 1370 1596 clupei.

121 1613 193 1677 anui
227 1611 461 1679 Mocccuxx.
496 1613 715 1679 immaculatae
750 1612 950 1698 Conceptioni
983 1614 1085 1698 Ipsius
1118 1615 1253 1700 Sponsae
1274 1632 1363 1682 sacru

121 1717 273 1801 publicari
294 1717 450 1802 jussimus,
471 1717 613 1783 eumdem
632 1719 764 1784 Beatum
779 1717 992 1786 Patriaroham
1014 1719 1183 1804 Josephum
1206 1720 1364 1788 Ecclesiae

122 1820 301 1887 Catholicae
324 1820 492 1887 Patrouunr
517 1821 695 1888 solemniter
723 1821 958 1903 declaravimus,
971 1822 974 1832 '
988 1821 1139 1906 Illiusque
1169 1824 1283 1890 festum
1314 1825 1364 1892 die

121 1927 324 1992 decimanona
345 1925 454 1992 Martii
476 1945 646 2006 occurrens,
669 1925 813 2012 deinceps
834 1929 892 1994 snb
913 1929 980 2016 ritu
1001 1928 1118 2012 duplici
1139 1928 1266 2013 primae.
1281 1929 1362 1995 clas-

121 2033 182 2110 sis,
205 2033 345 2096 attamen
368 2031 434 2097 sine
464 2033 573 2096 octava
600 2030 721 2098 ratione
749 2028 1020 2118 quadragesimae,
1050 2035 1084 2098 in
1110 2032 1191 2099 Orbe
1220 2036 1362 2100 universo

122 2135 272 2201 celebrari
293 2132 517 2201 mandavimus.
540 2135 581 2200 Et
603 2137 747 2219 quoniam
764 2155 896 2220 aequum
912 2137 1099 2221 reputamus,
1123 2137 1194 2222 post
1215 2137 1364 2203 Nostram

122 2239 362 2304 declarationem
390 2237 498 2305 Sancti
519 2237 721 2306 Patriarchae
743 2237 775 2305 in
800 2237 979 2307 Catholicae
1001 2240 1159 2308 Ecclesiae
1181 2242 1364 2324 Patronum,

122 2345 187 2428 Ipsi
209 2344 242 2408 iu
263 2343 387 2426 publico
408 2344 618 2410 ecclesiastico
638 2345 725 2410 cultu
748 2363 852 2428 omncs
878 2347 912 2410 et
941 2345 1080 2432 singulas
1112 2342 1240 2419 lionoris
1272 2366 1363 2431 prae-

124 2449 282 2535 rogativas
305 2446 484 2515 tribuendas
506 2468 583 2538 essa,
605 2468 683 2534 quae
702 2449 793 2535 juxta
817 2451 976 2533 generales
992 2448 1145 2516 Breviorii
1175 2451 1206 2515 et
1226 2449 1365 2516 Missalis

123 2555 255 2621 Romani
277 2553 415 2619 rubricas
438 2551 561 2620 Sanctis
574 2553 719 2619 Patronis
740 2553 914 2638 praecipuis
937 2557 1126 2640 competunt,
1149 2555 1217 2622 idco
1239 2555 1305 2620 Nos
1328 2573 1365 2620 cr

125 2658 268 2727 consultu
302 2657 535 2724 Venerabilium
569 2655 723 2724 Fratrum
736 2658 921 2724 Nostrorum
954 2657 986 2729 S.
1018 2656 1055 2726 R.
1082 2659 1117 2725 E.
1147 2656 1364 2726 ‘budinarium

125 2762 221 2829 sacris
250 2761 373 2828 tuendis
395 2761 508 2826 rilibus
528 2763 773 2846 praepositorum
797 2764 997 2846 renovantes,
1021 2752 1237 2830 confirmantes
1271 2763 1365 2846 atquc

125 2868 221 2934 etiarn
244 2866 428 2950 ampliantes
450 2866 663 2949 praesentibus
684 2867 809 2933 Nostris
838 2865 971 2933 litteris
989 2868 1161 2952 praefatam
1184 2867 1363 2952 dispositio-

125 2991 196 3038 nem
218 2971 302 3037 illius
324 2971 460 3050 Decreti,
483 2971 667 3036 mandamus
689 2971 823 3056 insuper,
847 2991 883 3038 ac
904 2973 1107 3059 iujungimus,
1130 2991 1209 3058 quac
1228 2991 1364 3056 sequun-

126 3079 195 3142 tur:
218 3075 370 3144 Volumus
402 3074 530 3155 scilioct,
565 3075 732 3161 quodiam
765 3075 798 3141 in
828 3079 908 3159 farto
941 3078 1055 3146 Nucau
1087 3077 1196 3145 Sancti
1221 3076 1365 3158 Josephi,

125 3200 220 3265 quarn
243 3180 275 3244 in
297 3181 362 3247 olio
385 3179 496 3263 Ipsius
518 3179 705 3260 Patrooiair',
728 3179 852 3247 etiarnsi
873 3182 1036 3250 occurrant
1063 3181 1150 3248 entra
1171 3179 1367 3246 Domiuicam

128 3286 221 3364 diem,
244 3281 378 3350 addatur
398 3303 519 3369 semper
541 3285 574 3350 iu
597 3283 695 3350 Missa
717 3284 898 3370 Symbolum
932 3303 986 3352 ssu
1021 3281 1172 3354 »Credo«.
1215 3284 1368 3352 Volumus

129 3389 271 3475 iusuper,
310 3389 390 3472 quod
420 3389 454 3454 in
483 3391 624 3456 orations
656 3392 707 3456 »A
740 3393 891 3471 croatie«,
916 3383 1180 3476 quandocumque
1212 3389 1373 3457 recitanda

129 3495 197 3576 erit,
218 3491 386 3579 adjiciatur
407 3511 528 3577 semper
548 3495 619 3578 post
641 3493 866 3562 invocationem
887 3497 1004 3563 Beatac
1027 3495 1146 3564 Mariae
1161 3495 1310 3582 Virginis,
1334 3495 1368 3560 et

129 3601 200 3666 aute
222 3615 430 3683 quoscumque
452 3598 529 3664 alios
551 3600 674 3664 sanctos
697 3599 858 3679 Patrouos,
882 3601 1015 3686 exceptis
1038 3600 1176 3686 Angelis,
1199 3603 1233 3666 et
1253 3597 1368 3666 Sancto

129 3705 247 3770 Joannc
281 3702 437 3785 Baptista,
471 3704 720 3770 commemoratio
754 3703 785 3770 S.
814 3704 943 3788 Josephi
976 3725 1031 3789 per
1062 3705 1139 3770 haec
1161 3703 1255 3772 verba
1278 3723 1369 3770 »curn

130 3809 227 3874 Beato
246 3807 395 3891 loseph«.
440 3805 590 3872 Volumus
614 3805 756 3890 denique,
780 3807 816 3873 ut
839 3807 897 3874 hoc
918 3809 984 3894 lpso
1006 3807 1112 3876 ordine
1136 3811 1260 3875 serrato
1289 3808 1372 3873 inter

130 3912 295 3997 Srrffrcpia
322 3911 523 3990 Sanctorum,
554 3911 806 3998 quandocumque
836 3912 894 3978 illa
916 3933 935 3978 a
955 3913 1090 3981 rubricis
1110 3911 1372 3999 praescribunlru,

133 4018 305 4102 apponatur
334 4033 464 4100 sequens
500 4017 751 4083 commemoratio
779 4017 812 4083 in
838 4017 983 4084 honorem
1014 4017 1152 4104 ejusdem
1182 4018 1289 4086 Sancti
1317 4017 1376 4083 aa

131 4111 228 4207 sephi.
274 4119 338 4206 (Ad
360 4121 510 4205 Vcsperas
538 4120 749 4210 Antiphoua):
780 4121 879 4188 »Ecce
907 4121 1008 4190 fidelis
1039 4141 1145 4191 servus
1178 4124 1211 4188 ct
1239 4121 1373 4206 prudeus

133 4246 226 4312 quem
250 4225 414 4291 constituit
435 4225 587 4291 Dominus
605 4244 702 4310 snper
723 4225 876 4294 familiam
898 4244 998 4295 suam.
1021 4227 1058 4294 V.
1071 4226 1176 4296 Gloria
1191 4228 1224 4294 et
1245 4225 1375 4293 diutim

133 4331 166 4396 in
185 4331 276 4396 domo
299 4329 374 4416 ejus.
418 4329 455 4396 B.
478 4329 520 4396 Et
538 4330 666 4414 justitia
688 4332 753 4416 ejus
777 4333 883 4397 menet
903 4332 937 4396 in
959 4331 1119 4398 saeculum
1140 4331 1266 4398 saeculi
1312 4329 1379 4414 (Ad

134 4434 256 4501 Laudes
279 4434 437 4520 Autiph.):
471 4435 540 4519 Ipse
568 4433 662 4500 lesus
692 4437 759 4501 erat
787 4435 938 4518 incipiens
959 4436 1048 4519 quasi
1070 4453 1219 4501 summm
1241 4435 1374 4521 triginta

135 4541 172 4607 ut
193 4537 365 4623 putabatur
396 4539 479 4606 filius
513 4538 638 4624 Joseph.
683 4540 722 4606 V.
758 4539 805 4605 Os
834 4540 915 4624 justi
946 4539 1149 4606 meditabitur
1183 4541 1376 4624 sapientiam.

136 4643 173 4712 E.
207 4645 250 4710 Et
271 4644 381 4730 lingua
404 4645 470 4729 ejus
491 4642 634 4727 loquetur
653 4641 816 4730 judicium.
861 4642 996 4730 (Oratio)
1018 4643 1114 4726 Deus,
1145 4644 1199 4728 qui
1228 4643 1379 4712 ineffabili

1115 4747 1171 4812 X*
